<?xml version="1.0" encoding="UTF-8"?>
<!DOCTYPE html PUBLIC "-//W3C//DTD XHTML 1.0 Transitional//EN"
    "http://www.w3.org/TR/xhtml1/DTD/xhtml1-transitional.dtd">
<html xmlns="http://www.w3.org/1999/xhtml" xml:lang="en" lang="en">
 <head>
  <title>
</title>
<meta http-equiv="Content-Type" content="text/html;charset=utf-8" />
  <meta name='ocr-system' content='tesseract 3.04.00' />
  <meta name='ocr-capabilities' content='ocr_page ocr_carea ocr_par ocr_line ocrx_word'/>
</head>
<body>
  <div class='ocr_page' id='page_1' title='image "./specimenhistori00saingoog_0047.png"; bbox 0 0 3114 5126; ppageno 0'>
   <div class='ocr_carea' id='block_1_1' title="bbox 724 525 918 602">
    <p class='ocr_par' dir='ltr' id='par_1_1' title="bbox 724 525 918 602">
     <span class='ocr_line' id='line_1_1' title="bbox 724 525 918 602; baseline -0.062 1"><span class='ocrx_word' id='word_1_1' title='bbox 724 525 847 602; x_wconf 77' lang='lat'>-38</span> <span class='ocrx_word' id='word_1_2' title='bbox 869 557 918 590; x_wconf 70' lang='lat'>.-</span> 
     </span>
    </p>
   </div>
   <div class='ocr_carea' id='block_1_2' title="bbox 336 715 1352 2190">
    <p class='ocr_par' dir='ltr' id='par_1_2' title="bbox 336 715 1352 2190">
     <span class='ocr_line' id='line_1_2' title="bbox 336 715 1295 822; baseline 0.003 -24"><span class='ocrx_word' id='word_1_3' title='bbox 336 749 362 798; x_wconf 81' lang='lat' dir='ltr'>a</span> <span class='ocrx_word' id='word_1_4' title='bbox 388 719 555 812; x_wconf 76' lang='lat' dir='ltr'>fidelitate</span> <span class='ocrx_word' id='word_1_5' title='bbox 577 715 720 794; x_wconf 80' lang='lat' dir='ltr'>seudum</span> <span class='ocrx_word' id='word_1_6' title='bbox 741 722 831 812; x_wconf 87' lang='lat' dir='ltr'>diei,</span> <span class='ocrx_word' id='word_1_7' title='bbox 856 721 911 794; x_wconf 86' lang='lat' dir='ltr'>vel</span> <span class='ocrx_word' id='word_1_8' title='bbox 930 722 1039 818; x_wconf 79' lang='lat' dir='ltr'>afide</span> <span class='ocrx_word' id='word_1_9' title='bbox 1071 723 1133 822; x_wconf 89' lang='lat' dir='ltr'>(F.</span> <span class='ocrx_word' id='word_1_10' title='bbox 1150 726 1229 802; x_wconf 74' lang='lat' dir='ltr'>Lilu&#39;</span> <span class='ocrx_word' id='word_1_11' title='bbox 1246 723 1295 804; x_wconf 71' lang='lat' dir='ltr'>li.</span> 
     </span>
     <span class='ocr_line' id='line_1_3' title="bbox 341 845 1352 946; baseline 0.009 -26"><span class='ocrx_word' id='word_1_12' title='bbox 341 849 396 922; x_wconf 89' lang='lat' dir='ltr'>tit.</span> <span class='ocrx_word' id='word_1_13' title='bbox 415 845 448 920; x_wconf 87' lang='lat'>3.</span> <span class='ocrx_word' id='word_1_14' title='bbox 473 846 501 943; x_wconf 67' lang='lat' dir='ltr'>fi.</span> <span class='ocrx_word' id='word_1_15' title='bbox 520 845 590 942; x_wconf 72' lang='grc'><strong>4.).</strong></span> <span class='ocrx_word' id='word_1_16' title='bbox 626 846 697 920; x_wconf 90' lang='lat' dir='ltr'>Sed</span> <span class='ocrx_word' id='word_1_17' title='bbox 713 875 786 922; x_wconf 87' lang='lat' dir='ltr'>uon</span> <span class='ocrx_word' id='word_1_18' title='bbox 803 849 961 946; x_wconf 86' lang='lat' dir='ltr'>congruit</span> <span class='ocrx_word' id='word_1_19' title='bbox 980 848 1065 924; x_wconf 88' lang='lat' dir='ltr'>haee</span> <span class='ocrx_word' id='word_1_20' title='bbox 1081 855 1172 926; x_wconf 88' lang='lat' dir='ltr'>vocis</span> <span class='ocrx_word' id='word_1_21' title='bbox 1188 855 1297 928; x_wconf 78' lang='lat' dir='ltr'>forma</span> <span class='ocrx_word' id='word_1_22' title='bbox 1348 899 1352 912; x_wconf 89' lang='lat'><em>-</em></span> 
     </span>
     <span class='ocr_line' id='line_1_4' title="bbox 341 967 1298 1074; baseline 0.006 -32"><span class='ocrx_word' id='word_1_23' title='bbox 341 996 424 1042; x_wconf 84' lang='lat' dir='ltr'>eum</span> <span class='ocrx_word' id='word_1_24' title='bbox 443 971 579 1066; x_wconf 89' lang='lat' dir='ltr'>latinae</span> <span class='ocrx_word' id='word_1_25' title='bbox 594 970 731 1070; x_wconf 78' lang='lat' dir='ltr'>linguae</span> <span class='ocrx_word' id='word_1_26' title='bbox 757 971 873 1046; x_wconf 88' lang='lat' dir='ltr'>indole</span> <span class='ocrx_word' id='word_1_27' title='bbox 894 967 1027 1065; x_wconf 88' lang='lat' dir='ltr'>(fides,</span> <span class='ocrx_word' id='word_1_28' title='bbox 1051 973 1190 1048; x_wconf 88' lang='lat' dir='ltr'>feodum</span> <span class='ocrx_word' id='word_1_29' title='bbox 1203 975 1234 1074; x_wconf 93' lang='lat'>),</span> <span class='ocrx_word' id='word_1_30' title='bbox 1260 988 1298 1048; x_wconf 85' lang='lat' dir='ltr'>et</span> 
     </span>
     <span class='ocr_line' id='line_1_5' title="bbox 338 1097 1295 1196; baseline 0.002 -28"><span class='ocrx_word' id='word_1_31' title='bbox 338 1110 514 1196; x_wconf 87' lang='lat' dir='ltr'>praeterea</span> <span class='ocrx_word' id='word_1_32' title='bbox 534 1121 650 1168; x_wconf 90' lang='lat' dir='ltr'>rerum</span> <span class='ocrx_word' id='word_1_33' title='bbox 671 1108 813 1168; x_wconf 87' lang='lat' dir='ltr'>naturae</span> <span class='ocrx_word' id='word_1_34' title='bbox 834 1097 940 1193; x_wconf 89' lang='lat' dir='ltr'>magis</span> <span class='ocrx_word' id='word_1_35' title='bbox 962 1110 1229 1172; x_wconf 87' lang='lat' dir='ltr'>consentaneum</span> <span class='ocrx_word' id='word_1_36' title='bbox 1243 1098 1295 1174; x_wconf 83' lang='lat' dir='ltr'>vi·</span> 
     </span>
     <span class='ocr_line' id='line_1_6' title="bbox 339 1221 1297 1312; baseline 0.003 -20"><span class='ocrx_word' id='word_1_37' title='bbox 339 1221 457 1312; x_wconf 90' lang='lat' dir='ltr'>detur,</span> <span class='ocrx_word' id='word_1_38' title='bbox 483 1221 684 1294; x_wconf 89' lang='lat' dir='ltr'>Germanici</span> <span class='ocrx_word' id='word_1_39' title='bbox 710 1221 857 1292; x_wconf 90' lang='lat' dir='ltr'>instituti</span> <span class='ocrx_word' id='word_1_40' title='bbox 880 1243 1030 1304; x_wconf 87' lang='lat' dir='ltr'>nomen,</span> <span class='ocrx_word' id='word_1_41' title='bbox 1054 1221 1297 1295; x_wconf 82' lang='lat' dir='ltr'><strong>Germanicam</strong></span> 
     </span>
     <span class='ocr_line' id='line_1_7' title="bbox 338 1341 1296 1443; baseline 0.001 -25"><span class='ocrx_word' id='word_1_42' title='bbox 338 1341 498 1420; x_wconf 80' lang='lat' dir='ltr'>hahuisse</span> <span class='ocrx_word' id='word_1_43' title='bbox 516 1343 680 1418; x_wconf 84' lang='lat' dir='ltr'>radicem.</span> <span class='ocrx_word' id='word_1_44' title='bbox 728 1344 780 1414; x_wconf 82' lang='lat' dir='ltr'>Fe</span> <span class='ocrx_word' id='word_1_45' title='bbox 804 1341 914 1443; x_wconf 88' lang='lat' dir='ltr'>(angl.</span> <span class='ocrx_word' id='word_1_46' title='bbox 921 1343 1014 1442; x_wconf 78' lang='lat' dir='ltr'>fae)</span> <span class='ocrx_word' id='word_1_47' title='bbox 1033 1342 1225 1441; x_wconf 87' lang='lat' dir='ltr'>siguificare</span> <span class='ocrx_word' id='word_1_48' title='bbox 1242 1346 1296 1419; x_wconf 85' lang='lat' dir='ltr'>vi-</span> 
     </span>
     <span class='ocr_line' id='line_1_8' title="bbox 339 1467 1294 1568; baseline 0.005 -29"><span class='ocrx_word' id='word_1_49' title='bbox 339 1467 442 1540; x_wconf 90' lang='lat' dir='ltr'>detur</span> <span class='ocrx_word' id='word_1_50' title='bbox 461 1470 650 1546; x_wconf 80' lang='lat' dir='ltr'><strong><em>mercedem</em></strong></span> <span class='ocrx_word' id='word_1_51' title='bbox 661 1525 672 1560; x_wconf 92' lang='lat'>,</span> <span class='ocrx_word' id='word_1_52' title='bbox 684 1471 875 1560; x_wconf 85' lang='lat' dir='ltr'>salarium,</span> <span class='ocrx_word' id='word_1_53' title='bbox 894 1481 931 1542; x_wconf 86' lang='lat' dir='ltr'>et</span> <span class='ocrx_word' id='word_1_54' title='bbox 951 1469 1017 1562; x_wconf 86' lang='lat' dir='ltr'>od,</span> <span class='ocrx_word' id='word_1_55' title='bbox 1042 1469 1220 1568; x_wconf 83' lang='lat' dir='ltr'>praedium</span> <span class='ocrx_word' id='word_1_56' title='bbox 1236 1470 1294 1544; x_wconf 83' lang='lat' dir='ltr'>vel</span> 
     </span>
     <span class='ocr_line' id='line_1_9' title="bbox 337 1590 1294 1694; baseline 0.004 -30"><span class='ocrx_word' id='word_1_57' title='bbox 337 1591 513 1683; x_wconf 83' lang='lat' dir='ltr'>fundum,</span> <span class='ocrx_word' id='word_1_58' title='bbox 538 1591 593 1666; x_wconf 82' lang='lat' dir='ltr'>rel</span> <span class='ocrx_word' id='word_1_59' title='bbox 614 1594 755 1666; x_wconf 91' lang='lat' dir='ltr'>omnino</span> <span class='ocrx_word' id='word_1_60' title='bbox 768 1619 843 1667; x_wconf 90' lang='lat' dir='ltr'>rem</span> <span class='ocrx_word' id='word_1_61' title='bbox 861 1618 949 1694; x_wconf 89' lang='lat' dir='ltr'>quae</span> <span class='ocrx_word' id='word_1_62' title='bbox 970 1593 1007 1664; x_wconf 92' lang='lat' dir='ltr'>in</span> <span class='ocrx_word' id='word_1_63' title='bbox 1027 1590 1129 1666; x_wconf 87' lang='lat' dir='ltr'>bonis</span> <span class='ocrx_word' id='word_1_64' title='bbox 1143 1608 1194 1666; x_wconf 83' lang='lat' dir='ltr'>est</span> <span class='ocrx_word' id='word_1_65' title='bbox 1212 1595 1294 1688; x_wconf 82' lang='grc' dir='ltr'>(ι).</span> 
     </span>
     <span class='ocr_line' id='line_1_10' title="bbox 338 1713 1297 1814; baseline -0.002 -22"><span class='ocrx_word' id='word_1_66' title='bbox 338 1716 518 1792; x_wconf 89' lang='lat' dir='ltr'>Praeterea</span> <span class='ocrx_word' id='word_1_67' title='bbox 543 1729 624 1788; x_wconf 89' lang='lat' dir='ltr'>sunt</span> <span class='ocrx_word' id='word_1_68' title='bbox 639 1716 744 1790; x_wconf 80' lang='lat' dir='ltr'>feuda</span> <span class='ocrx_word' id='word_1_69' title='bbox 766 1714 805 1788; x_wconf 91' lang='lat' dir='ltr'>iu</span> <span class='ocrx_word' id='word_1_70' title='bbox 826 1716 976 1814; x_wconf 81' lang='lat' dir='ltr'>antiquis</span> <span class='ocrx_word' id='word_1_71' title='bbox 995 1713 1131 1786; x_wconf 78' lang='lat' dir='ltr'>chartis</span> <span class='ocrx_word' id='word_1_72' title='bbox 1149 1713 1215 1792; x_wconf 88' lang='lat' dir='ltr'>sub</span> <span class='ocrx_word' id='word_1_73' title='bbox 1231 1743 1297 1790; x_wconf 87' lang='lat' dir='ltr'>no·</span> 
     </span>
     <span class='ocr_line' id='line_1_11' title="bbox 337 1819 1295 1936; baseline 0.002 -22"><span class='ocrx_word' id='word_1_74' title='bbox 337 1819 434 1914; x_wconf 77' lang='lat' dir='ltr'>mine</span> <span class='ocrx_word' id='word_1_75' title='bbox 452 1835 694 1936; x_wconf 82' lang='lat' dir='ltr'>beneficiorum</span> <span class='ocrx_word' id='word_1_76' title='bbox 706 1836 879 1936; x_wconf 83' lang='lat' dir='ltr'>descripta</span> <span class='ocrx_word' id='word_1_77' title='bbox 895 1860 959 1934; x_wconf 90' lang='lat' dir='ltr'>per</span> <span class='ocrx_word' id='word_1_78' title='bbox 976 1851 1120 1936; x_wconf 89' lang='lat' dir='ltr'>quatuor</span> <span class='ocrx_word' id='word_1_79' title='bbox 1136 1841 1209 1914; x_wconf 86' lang='lat' dir='ltr'>fere</span> <span class='ocrx_word' id='word_1_80' title='bbox 1221 1867 1295 1916; x_wconf 88' lang='lat' dir='ltr'>sae-</span> 
     </span>
     <span class='ocr_line' id='line_1_12' title="bbox 338 1959 1294 2064; baseline 0.005 -30"><span class='ocrx_word' id='word_1_81' title='bbox 338 1959 435 2055; x_wconf 86' lang='lat' dir='ltr'>cula;</span> <span class='ocrx_word' id='word_1_82' title='bbox 459 1960 522 2036; x_wconf 84' lang='lat' dir='ltr'>sed</span> <span class='ocrx_word' id='word_1_83' title='bbox 539 1989 621 2036; x_wconf 89' lang='lat' dir='ltr'>eum</span> <span class='ocrx_word' id='word_1_84' title='bbox 642 1964 778 2062; x_wconf 87' lang='lat' dir='ltr'>linguae</span> <span class='ocrx_word' id='word_1_85' title='bbox 797 1959 921 2034; x_wconf 90' lang='lat' dir='ltr'>latinae</span> <span class='ocrx_word' id='word_1_86' title='bbox 942 1961 1074 2037; x_wconf 87' lang='lat' dir='ltr'>cultura</span> <span class='ocrx_word' id='word_1_87' title='bbox 1094 1967 1202 2064; x_wconf 88' lang='lat' dir='ltr'>magis</span> <span class='ocrx_word' id='word_1_88' title='bbox 1220 1992 1294 2039; x_wconf 86' lang='lat' dir='ltr'>ma·</span> 
     </span>
     <span class='ocr_line' id='line_1_13' title="bbox 338 2084 1338 2190; baseline 0.001 -30"><span class='ocrx_word' id='word_1_89' title='bbox 338 2087 457 2190; x_wconf 76' lang='lat' dir='ltr'>gitque</span> <span class='ocrx_word' id='word_1_90' title='bbox 483 2085 731 2186; x_wconf 80' lang='lat' dir='ltr'>negligeretur,</span> <span class='ocrx_word' id='word_1_91' title='bbox 762 2087 801 2160; x_wconf 90' lang='lat' dir='ltr'>in</span> <span class='ocrx_word' id='word_1_92' title='bbox 830 2108 906 2156; x_wconf 88' lang='lat' dir='ltr'>eam</span> <span class='ocrx_word' id='word_1_93' title='bbox 934 2084 1043 2159; x_wconf 82' lang='lat' dir='ltr'>multa</span> <span class='ocrx_word' id='word_1_94' title='bbox 1072 2087 1297 2162; x_wconf 72' lang='lat' dir='ltr'>intruderent</span> <span class='ocrx_word' id='word_1_95' title='bbox 1333 2147 1338 2153; x_wconf 89' lang='lat'><em>.</em></span> 
     </span>
    </p>
   </div>
   <div class='ocr_carea' id='block_1_3' title="bbox 334 2193 1294 2434">
    <p class='ocr_par' dir='ltr' id='par_1_3' title="bbox 334 2193 1294 2434">
     <span class='ocr_line' id='line_1_14' title="bbox 337 2193 1294 2312; baseline -0.004 -27"><span class='ocrx_word' id='word_1_96' title='bbox 337 2193 502 2286; x_wconf 78' lang='lat' dir='ltr'>voeabula</span> <span class='ocrx_word' id='word_1_97' title='bbox 511 2208 678 2304; x_wconf 85' lang='lat' dir='ltr'>barbara,</span> <span class='ocrx_word' id='word_1_98' title='bbox 706 2235 726 2282; x_wconf 91' lang='lat' dir='ltr'>e</span> <span class='ocrx_word' id='word_1_99' title='bbox 740 2211 946 2284; x_wconf 87' lang='lat' dir='ltr'>Germanica</span> <span class='ocrx_word' id='word_1_100' title='bbox 962 2207 1144 2312; x_wconf 85' lang='lat' dir='ltr'>desumpta</span> <span class='ocrx_word' id='word_1_101' title='bbox 1154 2212 1294 2310; x_wconf 62' lang='lat' dir='ltr'>lingua,</span> 
     </span>
     <span class='ocr_line' id='line_1_15' title="bbox 334 2332 1290 2434; baseline 0 -26"><span class='ocrx_word' id='word_1_102' title='bbox 334 2349 378 2408; x_wconf 91' lang='lat' dir='ltr'>ut</span> <span class='ocrx_word' id='word_1_103' title='bbox 395 2337 532 2410; x_wconf 84' lang='lat' dir='ltr'>Leudes</span> <span class='ocrx_word' id='word_1_104' title='bbox 554 2335 724 2423; x_wconf 83' lang='lat' dir='ltr'>aLeute,</span> <span class='ocrx_word' id='word_1_105' title='bbox 735 2333 850 2428; x_wconf 82' lang='lat' dir='ltr'>faida</span> <span class='ocrx_word' id='word_1_106' title='bbox 873 2361 893 2406; x_wconf 89' lang='lat' dir='ltr'>a</span> <span class='ocrx_word' id='word_1_107' title='bbox 913 2332 1054 2426; x_wconf 81' lang='lat' dir='ltr'>Felzde,</span> <span class='ocrx_word' id='word_1_108' title='bbox 1075 2359 1226 2434; x_wconf 85' lang='lat' dir='ltr'>guerra.</span> <span class='ocrx_word' id='word_1_109' title='bbox 1240 2389 1290 2408; x_wconf 91' lang='lat'>...</span> 
     </span>
    </p>
   </div>
   <div class='ocr_carea' id='block_1_4' title="bbox 162 2455 1293 2558">
    <p class='ocr_par' dir='ltr' id='par_1_4' title="bbox 162 2455 1293 2558">
     <span class='ocr_line' id='line_1_16' title="bbox 162 2455 1293 2558; baseline 0.011 -35"><span class='ocrx_word' id='word_1_110' title='bbox 162 2468 164 2472; x_wconf 70' lang='lat'>‘</span> <span class='ocrx_word' id='word_1_111' title='bbox 240 2503 242 2508; x_wconf 90' lang='lat'><em>-</em></span> <span class='ocrx_word' id='word_1_112' title='bbox 336 2456 531 2558; x_wconf 73' lang='lat' dir='ltr'>(webrr&#39;),</span> <span class='ocrx_word' id='word_1_113' title='bbox 555 2457 803 2531; x_wconf 81' lang='lat' dir='ltr'>Antrustienes</span> <span class='ocrx_word' id='word_1_114' title='bbox 821 2455 1118 2534; x_wconf 79' lang='lat' dir='ltr'>atAnnertraute</span> <span class='ocrx_word' id='word_1_115' title='bbox 1132 2515 1142 2548; x_wconf 93' lang='lat'>,</span> <span class='ocrx_word' id='word_1_116' title='bbox 1158 2473 1224 2534; x_wconf 88' lang='lat' dir='ltr'>etc.</span> <span class='ocrx_word' id='word_1_117' title='bbox 1244 2499 1293 2522; x_wconf 86' lang='lat'>·-</span> 
     </span>
    </p>
   </div>
   <div class='ocr_carea' id='block_1_5' title="bbox 336 2577 1294 2933">
    <p class='ocr_par' dir='ltr' id='par_1_5' title="bbox 336 2577 1294 2933">
     <span class='ocr_line' id='line_1_17' title="bbox 336 2577 1292 2683; baseline 0.002 -26"><span class='ocrx_word' id='word_1_118' title='bbox 336 2577 554 2658; x_wconf 77' lang='lat' dir='ltr'>Vocabulum</span> <span class='ocrx_word' id='word_1_119' title='bbox 562 2581 722 2680; x_wconf 71' lang='lat' dir='ltr'>findam</span> <span class='ocrx_word' id='word_1_120' title='bbox 748 2583 903 2680; x_wconf 92' lang='lat' dir='ltr'>primum</span> <span class='ocrx_word' id='word_1_121' title='bbox 924 2582 1082 2683; x_wconf 91' lang='lat' dir='ltr'>apparuit</span> <span class='ocrx_word' id='word_1_122' title='bbox 1102 2581 1142 2654; x_wconf 91' lang='lat' dir='ltr'>in</span> <span class='ocrx_word' id='word_1_123' title='bbox 1162 2581 1292 2659; x_wconf 84' lang='lat' dir='ltr'>Charta</span> 
     </span>
     <span class='ocr_line' id='line_1_18' title="bbox 337 2704 1294 2818; baseline -0.001 -37"><span class='ocrx_word' id='word_1_124' title='bbox 337 2704 455 2781; x_wconf 87' lang='lat' dir='ltr'>Caroli</span> <span class='ocrx_word' id='word_1_125' title='bbox 473 2706 588 2780; x_wconf 87' lang='lat' dir='ltr'>Crassi</span> <span class='ocrx_word' id='word_1_126' title='bbox 611 2733 702 2780; x_wconf 84' lang='lat' dir='ltr'>auno</span> <span class='ocrx_word' id='word_1_127' title='bbox 723 2707 807 2800; x_wconf 72' lang='lat'><strong>884.</strong></span> <span class='ocrx_word' id='word_1_128' title='bbox 858 2709 902 2782; x_wconf 89' lang='lat' dir='ltr'>Iu</span> <span class='ocrx_word' id='word_1_129' title='bbox 922 2707 1071 2809; x_wconf 85' lang='lat' dir='ltr'>antiquis</span> <span class='ocrx_word' id='word_1_130' title='bbox 1090 2732 1294 2818; x_wconf 87' lang='lat' dir='ltr'>monumen-</span> 
     </span>
     <span class='ocr_line' id='line_1_19' title="bbox 336 2825 1292 2933; baseline -0.002 -29"><span class='ocrx_word' id='word_1_131' title='bbox 336 2830 382 2904; x_wconf 82' lang='lat' dir='ltr'>tis</span> <span class='ocrx_word' id='word_1_132' title='bbox 408 2825 481 2902; x_wconf 84' lang='lat' dir='ltr'>fere</span> <span class='ocrx_word' id='word_1_133' title='bbox 514 2856 650 2933; x_wconf 83' lang='lat' dir='ltr'>semper</span> <span class='ocrx_word' id='word_1_134' title='bbox 670 2829 818 2912; x_wconf 58' lang='lat' dir='ltr'>tendum</span> <span class='ocrx_word' id='word_1_135' title='bbox 838 2829 1024 2922; x_wconf 84' lang='lat' dir='ltr'>scribitur,</span> <span class='ocrx_word' id='word_1_136' title='bbox 1061 2826 1155 2931; x_wconf 88' lang='lat' dir='ltr'>quod</span> <span class='ocrx_word' id='word_1_137' title='bbox 1183 2830 1292 2930; x_wconf 75' lang='lat' dir='ltr'>magis</span> 
     </span>
    </p>
   </div>
   <div class='ocr_carea' id='block_1_6' title="bbox 260 3131 1404 3770">
    <p class='ocr_par' dir='ltr' id='par_1_6' title="bbox 260 3131 1404 3770">
     <span class='ocr_line' id='line_1_20' title="bbox 375 3131 1292 3234; baseline -0.002 -20"><span class='ocrx_word' id='word_1_138' title='bbox 375 3154 437 3234; x_wconf 69' lang='grc'>(1)</span> <span class='ocrx_word' id='word_1_139' title='bbox 457 3131 541 3214; x_wconf 60' lang='lat' dir='ltr'>cotis</span> <span class='ocrx_word' id='word_1_140' title='bbox 555 3153 697 3228; x_wconf 61' lang='lat' dir='ltr'>nitet,</span> <span class='ocrx_word' id='word_1_141' title='bbox 713 3154 768 3232; x_wconf 80' lang='lat' dir='ltr'>ep.</span> <span class='ocrx_word' id='word_1_142' title='bbox 784 3153 805 3212; x_wconf 88' lang='lat'>1.</span> <span class='ocrx_word' id='word_1_143' title='bbox 822 3151 850 3234; x_wconf 52' lang='lat' dir='ltr'>§t</span> <span class='ocrx_word' id='word_1_144' title='bbox 866 3159 895 3214; x_wconf 75' lang='lat' dir='ltr'>r.</span> <span class='ocrx_word' id='word_1_145' title='bbox 913 3149 1007 3212; x_wconf 71' lang='lat' dir='ltr'>utu</span> <span class='ocrx_word' id='word_1_146' title='bbox 1047 3148 1292 3212; x_wconf 61' lang='lat' dir='ltr'>nenoteanes·</span> 
     </span>
     <span class='ocr_line' id='line_1_21' title="bbox 335 3254 1404 3343; baseline -0.007 -18"><span class='ocrx_word' id='word_1_147' title='bbox 335 3263 380 3324; x_wconf 86' lang='lat' dir='ltr'>Cl.</span> <span class='ocrx_word' id='word_1_148' title='bbox 399 3263 528 3324; x_wconf 85' lang='lat' dir='ltr'>Guiaot</span> <span class='ocrx_word' id='word_1_149' title='bbox 546 3257 861 3343; x_wconf 58' lang='lat' dir='ltr'>tententiassfflietoire</span> <span class='ocrx_word' id='word_1_150' title='bbox 880 3257 919 3318; x_wconf 89' lang='lat' dir='ltr'>de</span> <span class='ocrx_word' id='word_1_151' title='bbox 939 3257 971 3319; x_wconf 89' lang='lat' dir='ltr'>la</span> <span class='ocrx_word' id='word_1_152' title='bbox 987 3256 1173 3318; x_wconf 76' lang='lat' dir='ltr'>Civilitatiou</span> <span class='ocrx_word' id='word_1_153' title='bbox 1196 3254 1289 3318; x_wconf 70' lang='lat' dir='ltr'>Fran-</span> <span class='ocrx_word' id='word_1_154' title='bbox 1392 3263 1404 3272; x_wconf 77' lang='grc'><strong>“</strong></span> 
     </span>
     <span class='ocr_line' id='line_1_22' title="bbox 335 3363 1291 3454; baseline -0.01 -17"><span class='ocrx_word' id='word_1_155' title='bbox 335 3363 433 3454; x_wconf 75' lang='lat' dir='ltr'>p&#39;aiee,</span> <span class='ocrx_word' id='word_1_156' title='bbox 450 3371 519 3434; x_wconf 80' lang='lat' dir='ltr'>Vol.</span> <span class='ocrx_word' id='word_1_157' title='bbox 532 3369 584 3430; x_wconf 81' lang='lat' dir='ltr'>lv.</span> <span class='ocrx_word' id='word_1_158' title='bbox 602 3387 633 3448; x_wconf 86' lang='lat' dir='ltr'>p.</span> <span class='ocrx_word' id='word_1_159' title='bbox 653 3365 742 3446; x_wconf 84' lang='lat'>28.),</span> <span class='ocrx_word' id='word_1_160' title='bbox 759 3364 815 3424; x_wconf 82' lang='lat' dir='ltr'>aed</span> <span class='ocrx_word' id='word_1_161' title='bbox 830 3363 914 3424; x_wconf 82' lang='lat' dir='ltr'>addit</span> <span class='ocrx_word' id='word_1_162' title='bbox 933 3365 1066 3426; x_wconf 86' lang='lat' dir='ltr'>radieem</span> <span class='ocrx_word' id='word_1_163' title='bbox 1087 3367 1126 3425; x_wconf 78' lang='lat' dir='ltr'>nd</span> <span class='ocrx_word' id='word_1_164' title='bbox 1141 3387 1159 3426; x_wconf 92' lang='lat' dir='ltr'>e</span> <span class='ocrx_word' id='word_1_165' title='bbox 1179 3365 1291 3446; x_wconf 74' lang='lat' dir='ltr'>linguis</span> 
     </span>
     <span class='ocr_line' id='line_1_23' title="bbox 334 3471 1290 3542; baseline -0.014 1"><span class='ocrx_word' id='word_1_166' title='bbox 334 3481 519 3542; x_wconf 80' lang='lat' dir='ltr'>Germanicia</span> <span class='ocrx_word' id='word_1_167' title='bbox 542 3475 705 3538; x_wconf 79' lang='lat' dir='ltr'>evanuisse.</span> <span class='ocrx_word' id='word_1_168' title='bbox 751 3471 880 3540; x_wconf 86' lang='lat' dir='ltr'>Videtur</span> <span class='ocrx_word' id='word_1_169' title='bbox 898 3482 997 3534; x_wconf 66' lang='lat' dir='ltr'>umen</span> <span class='ocrx_word' id='word_1_170' title='bbox 1016 3471 1116 3534; x_wconf 86' lang='lat' dir='ltr'>adhue</span> <span class='ocrx_word' id='word_1_171' title='bbox 1137 3483 1237 3534; x_wconf 85' lang='lat' dir='ltr'>extare</span> <span class='ocrx_word' id='word_1_172' title='bbox 1258 3475 1290 3534; x_wconf 87' lang='lat' dir='ltr'>in</span> 
     </span>
     <span class='ocr_line' id='line_1_24' title="bbox 260 3579 1290 3666; baseline 0 -21"><span class='ocrx_word' id='word_1_173' title='bbox 260 3639 262 3645; x_wconf 93' lang='lat'><em>.</em></span> <span class='ocrx_word' id='word_1_174' title='bbox 309 3601 313 3612; x_wconf 86' lang='lat'>&#39;</span> <span class='ocrx_word' id='word_1_175' title='bbox 336 3587 484 3666; x_wconf 86' lang='lat' dir='ltr'>adjectivo</span> <span class='ocrx_word' id='word_1_176' title='bbox 494 3587 621 3647; x_wconf 76' lang='lat' dir='ltr'>Suerieo</span> <span class='ocrx_word' id='word_1_177' title='bbox 630 3580 703 3642; x_wconf 80' lang='lat' dir='ltr'>udal</span> <span class='ocrx_word' id='word_1_178' title='bbox 710 3623 720 3652; x_wconf 91' lang='lat'>,</span> <span class='ocrx_word' id='word_1_179' title='bbox 742 3579 1044 3660; x_wconf 82' lang='lat' dir='ltr'>quodHeinrinha</span> <span class='ocrx_word' id='word_1_180' title='bbox 1060 3582 1290 3661; x_wconf 82' lang='lat' dir='ltr'>(Schwedieeh-</span> 
     </span>
     <span class='ocr_line' id='line_1_25' title="bbox 336 3683 1289 3770; baseline -0.013 -16"><span class='ocrx_word' id='word_1_181' title='bbox 336 3691 502 3754; x_wconf 80' lang='lat' dir='ltr'>Deutschee</span> <span class='ocrx_word' id='word_1_182' title='bbox 513 3689 665 3769; x_wconf 83' lang='lat' dir='ltr'>Lexikon)</span> <span class='ocrx_word' id='word_1_183' title='bbox 679 3690 770 3750; x_wconf 78' lang='lat' dir='ltr'>vertit</span> <span class='ocrx_word' id='word_1_184' title='bbox 779 3709 835 3768; x_wconf 87' lang='lat' dir='ltr'>per</span> <span class='ocrx_word' id='word_1_185' title='bbox 846 3691 926 3770; x_wconf 71' lang='lat' dir='ltr'>fret,</span> <span class='ocrx_word' id='word_1_186' title='bbox 946 3685 1010 3744; x_wconf 82' lang='lat' dir='ltr'>erb-</span> <span class='ocrx_word' id='word_1_187' title='bbox 1026 3683 1092 3742; x_wconf 79' lang='lat' dir='ltr'>uad</span> <span class='ocrx_word' id='word_1_188' title='bbox 1102 3685 1289 3764; x_wconf 75' lang='lat' dir='ltr'>eipeutlulm·</span> 
     </span>
    </p>
   </div>
   <div class='ocr_carea' id='block_1_7' title="bbox 325 3791 1325 4095">
    <p class='ocr_par' dir='ltr' id='par_1_7' title="bbox 325 3791 1325 4095">
     <span class='ocr_line' id='line_1_26' title="bbox 337 3791 1288 3878; baseline -0.008 -18"><span class='ocrx_word' id='word_1_189' title='bbox 337 3801 425 3870; x_wconf 53' lang='lat' dir='ltr'>lietu</span> <span class='ocrx_word' id='word_1_190' title='bbox 444 3799 526 3860; x_wconf 86' lang='lat' dir='ltr'>unde</span> <span class='ocrx_word' id='word_1_191' title='bbox 542 3799 653 3858; x_wconf 88' lang='lat' dir='ltr'>exitum</span> <span class='ocrx_word' id='word_1_192' title='bbox 668 3795 959 3878; x_wconf 55' lang='lat' dir='ltr'>verhiiadjeetivum</span> <span class='ocrx_word' id='word_1_193' title='bbox 974 3792 1008 3852; x_wconf 84' lang='lat' dir='ltr'>ul</span> <span class='ocrx_word' id='word_1_194' title='bbox 1019 3792 1045 3852; x_wconf 83' lang='lat' dir='ltr'>ei</span> <span class='ocrx_word' id='word_1_195' title='bbox 1055 3791 1204 3865; x_wconf 72' lang='lat' dir='ltr'>domabis,</span> <span class='ocrx_word' id='word_1_196' title='bbox 1227 3810 1288 3852; x_wconf 82' lang='lat' dir='ltr'>ma·</span> 
     </span>
     <span class='ocr_line' id='line_1_27' title="bbox 325 3901 1289 3988; baseline -0.013 -15"><span class='ocrx_word' id='word_1_197' title='bbox 325 3917 389 3980; x_wconf 70' lang='lat' dir='ltr'>,net</span> <span class='ocrx_word' id='word_1_198' title='bbox 409 3905 557 3986; x_wconf 82' lang='lat' dir='ltr'>partieula</span> <span class='ocrx_word' id='word_1_199' title='bbox 578 3907 618 3967; x_wconf 77' lang='lat' dir='ltr'>nd</span> <span class='ocrx_word' id='word_1_200' title='bbox 645 3907 686 3969; x_wconf 83' lang='lat' dir='ltr'>ad</span> <span class='ocrx_word' id='word_1_201' title='bbox 709 3907 868 3988; x_wconf 83' lang='lat' dir='ltr'>praedium</span> <span class='ocrx_word' id='word_1_202' title='bbox 890 3901 940 3964; x_wconf 84' lang='lat' dir='ltr'>vel</span> <span class='ocrx_word' id='word_1_203' title='bbox 958 3919 1024 3964; x_wconf 86' lang='lat' dir='ltr'>rem</span> <span class='ocrx_word' id='word_1_204' title='bbox 1046 3901 1078 3962; x_wconf 91' lang='lat' dir='ltr'>in</span> <span class='ocrx_word' id='word_1_205' title='bbox 1102 3901 1289 3983; x_wconf 72' lang='lat' dir='ltr'>possession·</span> 
     </span>
     <span class='ocr_line' id='line_1_28' title="bbox 336 4011 1325 4095; baseline -0.005 -20"><span class='ocrx_word' id='word_1_206' title='bbox 336 4011 568 4095; x_wconf 76' lang='lat' dir='ltr'>significandam.</span> <span class='ocrx_word' id='word_1_207' title='bbox 1268 4033 1277 4070; x_wconf 73' lang='lat' dir='ltr'>a</span> <span class='ocrx_word' id='word_1_208' title='bbox 1322 4084 1325 4092; x_wconf 78' lang='lat'><em>.</em></span> 
     </span>
    </p>
   </div>
   <div class='ocr_carea' id='block_1_8' title="bbox 0 0 1562 5126">
    <p class='ocr_par' dir='ltr' id='par_1_8' title="bbox 0 0 1562 5126">
     <span class='ocr_line' id='line_1_29' title="bbox 0 0 1562 5126; baseline 0 0"><span class='ocrx_word' id='word_1_209' title='bbox 0 0 1562 5126; x_wconf 95' lang='lat' dir='ltr'> </span> 
     </span>
    </p>
   </div>
  </div>
 </body>
</html>
