<?xml version="1.0" encoding="UTF-8"?>
<!DOCTYPE html PUBLIC "-//W3C//DTD XHTML 1.0 Transitional//EN"
    "http://www.w3.org/TR/xhtml1/DTD/xhtml1-transitional.dtd">
<html xmlns="http://www.w3.org/1999/xhtml" xml:lang="en" lang="en">
 <head>
  <title>
</title>
<meta http-equiv="Content-Type" content="text/html;charset=utf-8" />
  <meta name='ocr-system' content='tesseract 3.04.00' />
  <meta name='ocr-capabilities' content='ocr_page ocr_carea ocr_par ocr_line ocrx_word'/>
</head>
<body>
  <div class='ocr_page' id='page_1' title='image "./specimenhistori00saingoog_0045.png"; bbox 0 0 3114 5126; ppageno 0'>
   <div class='ocr_carea' id='block_1_1' title="bbox 799 575 993 656">
    <p class='ocr_par' dir='ltr' id='par_1_1' title="bbox 799 575 993 656">
     <span class='ocr_line' id='line_1_1' title="bbox 799 575 993 656; baseline -0.015 -7"><span class='ocrx_word' id='word_1_1' title='bbox 799 575 993 656; x_wconf 50' lang='lat' dir='ltr'><strong>affl.-</strong></span> 
     </span>
    </p>
   </div>
   <div class='ocr_carea' id='block_1_2' title="bbox 418 767 1388 879">
    <p class='ocr_par' dir='ltr' id='par_1_2' title="bbox 418 767 1388 879">
     <span class='ocr_line' id='line_1_2' title="bbox 418 767 1388 879; baseline 0.007 -27"><span class='ocrx_word' id='word_1_2' title='bbox 418 771 572 852; x_wconf 80' lang='lat' dir='ltr'><strong>atabilior</strong></span> <span class='ocrx_word' id='word_1_3' title='bbox 594 792 713 852; x_wconf 79' lang='lat' dir='ltr'><strong>eamn</strong></span> <span class='ocrx_word' id='word_1_4' title='bbox 742 777 926 852; x_wconf 67' lang='lat' dir='ltr'><strong>auctorum</strong></span> <span class='ocrx_word' id='word_1_5' title='bbox 951 767 1077 868; x_wconf 81' lang='lat' dir='ltr'><strong>fiebat,</strong></span> <span class='ocrx_word' id='word_1_6' title='bbox 1114 791 1159 856; x_wconf 81' lang='lat' dir='ltr'><strong>eo</strong></span> <span class='ocrx_word' id='word_1_7' title='bbox 1181 770 1291 879; x_wconf 77' lang='lat' dir='ltr'><strong>magia</strong></span> <span class='ocrx_word' id='word_1_8' title='bbox 1318 803 1388 858; x_wconf 81' lang='lat' dir='ltr'><strong>an·</strong></span> 
     </span>
    </p>
   </div>
   <div class='ocr_carea' id='block_1_3' title="bbox 410 899 1480 2392">
    <p class='ocr_par' dir='ltr' id='par_1_3' title="bbox 410 899 1480 2266">
     <span class='ocr_line' id='line_1_3' title="bbox 422 899 1385 1004; baseline 0.009 -29"><span class='ocrx_word' id='word_1_9' title='bbox 422 903 589 1004; x_wconf 83' lang='lat' dir='ltr'><strong>gebantor</strong></span> <span class='ocrx_word' id='word_1_10' title='bbox 609 899 697 976; x_wconf 84' lang='lat' dir='ltr'><strong>haec</strong></span> <span class='ocrx_word' id='word_1_11' title='bbox 719 901 820 976; x_wconf 91' lang='lat' dir='ltr'><strong>initia</strong></span> <span class='ocrx_word' id='word_1_12' title='bbox 842 917 880 976; x_wconf 86' lang='lat' dir='ltr'><strong>et</strong></span> <span class='ocrx_word' id='word_1_13' title='bbox 903 900 1103 976; x_wconf 80' lang='lat' dir='ltr'><strong>crescebant</strong></span> <span class='ocrx_word' id='word_1_14' title='bbox 1129 902 1175 978; x_wconf 87' lang='lat' dir='ltr'><strong>ad</strong></span> <span class='ocrx_word' id='word_1_15' title='bbox 1192 921 1324 982; x_wconf 85' lang='lat' dir='ltr'><strong>certam</strong></span> <span class='ocrx_word' id='word_1_16' title='bbox 1344 924 1385 984; x_wconf 87' lang='lat' dir='ltr'><strong>et</strong></span> 
     </span>
     <span class='ocr_line' id='line_1_4' title="bbox 410 1027 1480 1134; baseline 0.006 -31"><span class='ocrx_word' id='word_1_17' title='bbox 410 1027 609 1130; x_wconf 84' lang='lat' dir='ltr'><strong>perfectam</strong></span> <span class='ocrx_word' id='word_1_18' title='bbox 629 1027 807 1124; x_wconf 85' lang='lat' dir='ltr'><strong>regiminis</strong></span> <span class='ocrx_word' id='word_1_19' title='bbox 827 1029 985 1106; x_wconf 78' lang='lat' dir='ltr'><strong>formam.</strong></span> <span class='ocrx_word' id='word_1_20' title='bbox 1033 1027 1119 1130; x_wconf 88' lang='lat' dir='ltr'><strong>Ejus</strong></span> <span class='ocrx_word' id='word_1_21' title='bbox 1141 1032 1312 1134; x_wconf 89' lang='lat' dir='ltr'><strong>principia</strong></span> <span class='ocrx_word' id='word_1_22' title='bbox 1340 1039 1387 1108; x_wconf 85' lang='lat' dir='ltr'><strong>in</strong></span> <span class='ocrx_word' id='word_1_23' title='bbox 1471 1048 1480 1054; x_wconf 82' lang='lat'>&#39;</span> 
     </span>
     <span class='ocr_line' id='line_1_5' title="bbox 423 1143 1384 1260; baseline 0.006 -32"><span class='ocrx_word' id='word_1_24' title='bbox 423 1149 637 1228; x_wconf 74' lang='lat' dir='ltr'><strong>Britanniam</strong></span> <span class='ocrx_word' id='word_1_25' title='bbox 660 1151 853 1228; x_wconf 87' lang='lat' dir='ltr'><strong>attulerunt</strong></span> <span class='ocrx_word' id='word_1_26' title='bbox 875 1143 1180 1253; x_wconf 79' lang='lat' dir='ltr'><strong>Angla-Saxones,</strong></span> <span class='ocrx_word' id='word_1_27' title='bbox 1205 1184 1293 1260; x_wconf 90' lang='lat' dir='ltr'><strong>quae</strong></span> <span class='ocrx_word' id='word_1_28' title='bbox 1309 1185 1384 1234; x_wconf 88' lang='lat' dir='ltr'><strong>am-</strong></span> 
     </span>
     <span class='ocr_line' id='line_1_6' title="bbox 421 1276 1388 1382; baseline 0.008 -28"><span class='ocrx_word' id='word_1_29' title='bbox 421 1279 572 1382; x_wconf 86' lang='lat' dir='ltr'><strong>plificata</strong></span> <span class='ocrx_word' id='word_1_30' title='bbox 599 1276 695 1354; x_wconf 80' lang='lat' dir='ltr'><strong>suere</strong></span> <span class='ocrx_word' id='word_1_31' title='bbox 723 1279 979 1354; x_wconf 85' lang='lat' dir='ltr'><strong>aNormannis</strong></span> <span class='ocrx_word' id='word_1_32' title='bbox 1003 1279 1066 1380; x_wconf 93' lang='lat' dir='ltr'><strong>qui</strong></span> <span class='ocrx_word' id='word_1_33' title='bbox 1093 1279 1244 1356; x_wconf 87' lang='lat' dir='ltr'><strong>Insulam</strong></span> <span class='ocrx_word' id='word_1_34' title='bbox 1267 1285 1313 1359; x_wconf 78' lang='lat' dir='ltr'><strong>A.</strong></span> <span class='ocrx_word' id='word_1_35' title='bbox 1333 1285 1388 1364; x_wconf 89' lang='lat' dir='ltr'><strong>D.</strong></span> 
     </span>
     <span class='ocr_line' id='line_1_7' title="bbox 412 1389 1388 1512; baseline 0.006 -32"><span class='ocrx_word' id='word_1_36' title='bbox 412 1402 525 1480; x_wconf 82' lang='lat'><strong>·1066</strong></span> <span class='ocrx_word' id='word_1_37' title='bbox 543 1404 756 1478; x_wconf 77' lang='lat' dir='ltr'><strong>invaserunt.</strong></span> <span class='ocrx_word' id='word_1_38' title='bbox 820 1405 876 1478; x_wconf 86' lang='lat' dir='ltr'><strong>Da</strong></span> <span class='ocrx_word' id='word_1_39' title='bbox 904 1389 1097 1480; x_wconf 81' lang='lat' dir='ltr'><strong>saxonibus</strong></span> <span class='ocrx_word' id='word_1_40' title='bbox 1128 1409 1388 1512; x_wconf 83' lang='lat' dir='ltr'><strong>conloquitur</strong></span> 
     </span>
     <span class='ocr_line' id='line_1_8' title="bbox 423 1526 1388 1626; baseline -0.001 -22"><span class='ocrx_word' id='word_1_41' title='bbox 423 1529 639 1620; x_wconf 80' lang='lat' dir='ltr'><strong>Tacitus,</strong></span> <span class='ocrx_word' id='word_1_42' title='bbox 662 1526 725 1604; x_wconf 87' lang='lat' dir='ltr'><strong>sed</strong></span> <span class='ocrx_word' id='word_1_43' title='bbox 751 1529 859 1604; x_wconf 80' lang='lat' dir='ltr'>refert</span> <span class='ocrx_word' id='word_1_44' title='bbox 880 1530 1200 1626; x_wconf 77' lang='lat' dir='ltr'><strong>Ptolemaeus,</strong></span> <span class='ocrx_word' id='word_1_45' title='bbox 1223 1537 1388 1610; x_wconf 75' lang='lat' dir='ltr'><strong>auocati.</strong></span> 
     </span>
     <span class='ocr_line' id='line_1_9' title="bbox 428 1654 1389 1760; baseline 0.005 -28"><span class='ocrx_word' id='word_1_46' title='bbox 428 1658 512 1732; x_wconf 80' lang='lat' dir='ltr'><strong>tissc</strong></span> <span class='ocrx_word' id='word_1_47' title='bbox 532 1669 688 1756; x_wconf 82' lang='lat' dir='ltr'><strong>tempore</strong></span> <span class='ocrx_word' id='word_1_48' title='bbox 700 1678 841 1754; x_wconf 82' lang='lat' dir='ltr'><strong>parvam</strong></span> <span class='ocrx_word' id='word_1_49' title='bbox 852 1654 1025 1731; x_wconf 70' lang='lat' dir='ltr'><strong>colonum</strong></span> <span class='ocrx_word' id='word_1_50' title='bbox 1042 1656 1148 1760; x_wconf 89' lang='lat' dir='ltr'><strong>hujus</strong></span> <span class='ocrx_word' id='word_1_51' title='bbox 1163 1659 1332 1754; x_wconf 86' lang='lat' dir='ltr'><strong>nominis,</strong></span> <span class='ocrx_word' id='word_1_52' title='bbox 1348 1663 1389 1736; x_wconf 87' lang='lat' dir='ltr'><strong>iu</strong></span> 
     </span>
     <span class='ocr_line' id='line_1_10' title="bbox 429 1781 1391 1882; baseline 0.011 -29"><span class='ocrx_word' id='word_1_53' title='bbox 429 1808 471 1860; x_wconf 79' lang='lat' dir='ltr'><strong>ea</strong></span> <span class='ocrx_word' id='word_1_54' title='bbox 495 1781 634 1882; x_wconf 73' lang='lat' dir='ltr'><strong>regione</strong></span> <span class='ocrx_word' id='word_1_55' title='bbox 654 1805 743 1881; x_wconf 86' lang='lat' dir='ltr'><strong>quaa</strong></span> <span class='ocrx_word' id='word_1_56' title='bbox 772 1805 869 1856; x_wconf 88' lang='lat' dir='ltr'><strong>nunc</strong></span> <span class='ocrx_word' id='word_1_57' title='bbox 898 1783 1061 1858; x_wconf 75' lang='lat' dir='ltr'><strong>Holrtcin</strong></span> <span class='ocrx_word' id='word_1_58' title='bbox 1084 1798 1237 1866; x_wconf 83' lang='lat' dir='ltr'><strong>vocatur.</strong></span> <span class='ocrx_word' id='word_1_59' title='bbox 1297 1789 1391 1864; x_wconf 85' lang='lat' dir='ltr'><strong>Fere</strong></span> 
     </span>
     <span class='ocr_line' id='line_1_11' title="bbox 430 1903 1388 2012; baseline 0.008 -33"><span class='ocrx_word' id='word_1_60' title='bbox 430 1907 605 1990; x_wconf 82' lang='lat' dir='ltr'><strong>audemia</strong></span> <span class='ocrx_word' id='word_1_61' title='bbox 624 1905 700 1980; x_wconf 92' lang='lat' dir='ltr'><strong>loco</strong></span> <span class='ocrx_word' id='word_1_62' title='bbox 721 1903 876 1982; x_wconf 83' lang='lat' dir='ltr'><strong>babitare</strong></span> <span class='ocrx_word' id='word_1_63' title='bbox 896 1907 1003 1982; x_wconf 78' lang='lat' dir='ltr'><strong>tradit</strong></span> <span class='ocrx_word' id='word_1_64' title='bbox 1027 1909 1219 1985; x_wconf 80' lang='lat' dir='ltr'><strong>Tacitus</strong></span> <span class='ocrx_word' id='word_1_65' title='bbox 1239 1911 1388 2012; x_wconf 82' lang='lat' dir='ltr'><strong>Anglos,</strong></span> 
     </span>
     <span class='ocr_line' id='line_1_12' title="bbox 432 2030 1393 2140; baseline 0.008 -32"><span class='ocrx_word' id='word_1_66' title='bbox 432 2036 495 2140; x_wconf 88' lang='lat' dir='ltr'><strong>qui</strong></span> <span class='ocrx_word' id='word_1_67' title='bbox 510 2055 636 2132; x_wconf 85' lang='lat' dir='ltr'><strong>magno</strong></span> <span class='ocrx_word' id='word_1_68' title='bbox 652 2030 841 2108; x_wconf 79' lang='lat' dir='ltr'><strong>Suevornm</strong></span> <span class='ocrx_word' id='word_1_69' title='bbox 859 2031 992 2108; x_wconf 76' lang='lat' dir='ltr'><strong>foederi</strong></span> <span class='ocrx_word' id='word_1_70' title='bbox 1004 2051 1230 2114; x_wconf 83' lang='lat' dir='ltr'><strong>accesserant.</strong></span> <span class='ocrx_word' id='word_1_71' title='bbox 1253 2040 1393 2140; x_wconf 81' lang='lat' dir='ltr'><strong>(Germ.</strong></span> 
     </span>
     <span class='ocr_line' id='line_1_13' title="bbox 429 2162 1298 2266; baseline -0.002 -26"><span class='ocrx_word' id='word_1_72' title='bbox 429 2189 509 2266; x_wconf 88' lang='lat' dir='ltr'><strong>cap.</strong></span> <span class='ocrx_word' id='word_1_73' title='bbox 533 2162 621 2257; x_wconf 68' lang='lat' dir='ltr'><strong>do.)</strong></span> <span class='ocrx_word' id='word_1_74' title='bbox 1296 2169 1298 2172; x_wconf 80' lang='grc'><strong>’</strong></span> 
     </span>
    </p>

    <p class='ocr_par' dir='ltr' id='par_1_4' title="bbox 418 2283 1392 2392">
     <span class='ocr_line' id='line_1_14' title="bbox 418 2283 1392 2392; baseline -0.002 -24"><span class='ocrx_word' id='word_1_75' title='bbox 418 2337 422 2344; x_wconf 82' lang='grc'><strong><em>·</em></strong></span> <span class='ocrx_word' id='word_1_76' title='bbox 479 2291 699 2368; x_wconf 79' lang='lat' dir='ltr'><strong>Francorum</strong></span> <span class='ocrx_word' id='word_1_77' title='bbox 726 2305 897 2386; x_wconf 84' lang='lat' dir='ltr'><strong>nusquam</strong></span> <span class='ocrx_word' id='word_1_78' title='bbox 922 2283 1017 2390; x_wconf 84' lang='lat' dir='ltr'><strong>apud</strong></span> <span class='ocrx_word' id='word_1_79' title='bbox 1049 2305 1180 2368; x_wconf 83' lang='lat' dir='ltr'><strong>veteres</strong></span> <span class='ocrx_word' id='word_1_80' title='bbox 1204 2289 1392 2392; x_wconf 72' lang='lat' dir='ltr'><strong>scriptores</strong></span> 
     </span>
    </p>
   </div>
   <div class='ocr_carea' id='block_1_4' title="bbox 431 2411 1544 2517">
    <p class='ocr_par' dir='ltr' id='par_1_5' title="bbox 431 2411 1544 2517">
     <span class='ocr_line' id='line_1_15' title="bbox 431 2411 1544 2517; baseline -0.007 -23"><span class='ocrx_word' id='word_1_81' title='bbox 431 2439 563 2494; x_wconf 86' lang='lat' dir='ltr'><strong>nornen</strong></span> <span class='ocrx_word' id='word_1_82' title='bbox 585 2423 815 2501; x_wconf 87' lang='lat' dir='ltr'><strong>memoratur,</strong></span> <span class='ocrx_word' id='word_1_83' title='bbox 841 2411 904 2486; x_wconf 90' lang='lat' dir='ltr'><strong>sed</strong></span> <span class='ocrx_word' id='word_1_84' title='bbox 929 2438 1012 2486; x_wconf 88' lang='lat' dir='ltr'><strong>cum</strong></span> <span class='ocrx_word' id='word_1_85' title='bbox 1034 2415 1285 2491; x_wconf 87' lang='lat' dir='ltr'><strong>Germanarum</strong></span> <span class='ocrx_word' id='word_1_86' title='bbox 1305 2443 1389 2517; x_wconf 85' lang='lat' dir='ltr'><strong>gen·</strong></span> <span class='ocrx_word' id='word_1_87' title='bbox 1520 2425 1544 2500; x_wconf 53' lang='lat' dir='ltr'><strong>,t</strong></span> 
     </span>
    </p>
   </div>
   <div class='ocr_carea' id='block_1_5' title="bbox 385 2536 1542 4024">
    <p class='ocr_par' dir='ltr' id='par_1_6' title="bbox 385 2536 1392 3512">
     <span class='ocr_line' id='line_1_16' title="bbox 434 2536 1391 2642; baseline 0 -24"><span class='ocrx_word' id='word_1_88' title='bbox 434 2543 526 2618; x_wconf 84' lang='lat' dir='ltr'><strong>tiana</strong></span> <span class='ocrx_word' id='word_1_89' title='bbox 549 2536 819 2642; x_wconf 73' lang='lat' dir='ltr'><strong>appellationes,</strong></span> <span class='ocrx_word' id='word_1_90' title='bbox 843 2536 1053 2641; x_wconf 88' lang='lat' dir='ltr'><strong>plammque</strong></span> <span class='ocrx_word' id='word_1_91' title='bbox 1073 2541 1239 2642; x_wconf 86' lang='lat' dir='ltr'><strong>Epithcta</strong></span> <span class='ocrx_word' id='word_1_92' title='bbox 1261 2543 1316 2630; x_wconf 82' lang='lat' dir='ltr'><strong>rel</strong></span> <span class='ocrx_word' id='word_1_93' title='bbox 1334 2570 1391 2618; x_wconf 87' lang='lat' dir='ltr'><strong>co·</strong></span> 
     </span>
     <span class='ocr_line' id='line_1_17' title="bbox 435 2663 1391 2770; baseline 0 -26"><span class='ocrx_word' id='word_1_94' title='bbox 435 2669 596 2770; x_wconf 66' lang='grc' dir='ltr'><strong>311011ιὶ111</strong></span> <span class='ocrx_word' id='word_1_95' title='bbox 618 2665 723 2742; x_wconf 84' lang='lat' dir='ltr'><strong>luisse</strong></span> <span class='ocrx_word' id='word_1_96' title='bbox 744 2663 950 2756; x_wconf 83' lang='lat' dir='ltr'><strong>videantur,</strong></span> <span class='ocrx_word' id='word_1_97' title='bbox 981 2689 1073 2767; x_wconf 88' lang='lat' dir='ltr'><strong>quae</strong></span> <span class='ocrx_word' id='word_1_98' title='bbox 1100 2666 1167 2741; x_wconf 91' lang='lat' dir='ltr'><strong>sibi</strong></span> <span class='ocrx_word' id='word_1_99' title='bbox 1194 2669 1262 2770; x_wconf 90' lang='lat' dir='ltr'><strong>ipsi</strong></span> <span class='ocrx_word' id='word_1_100' title='bbox 1280 2671 1391 2744; x_wconf 81' lang='lat' dir='ltr'><strong>ccnfa-</strong></span> 
     </span>
     <span class='ocr_line' id='line_1_18' title="bbox 422 2789 1391 2893; baseline 0.009 -31"><span class='ocrx_word' id='word_1_101' title='bbox 422 2796 580 2888; x_wconf 76' lang='lat' dir='ltr'><strong>¹rebant,</strong></span> <span class='ocrx_word' id='word_1_102' title='bbox 605 2817 660 2871; x_wconf 85' lang='lat' dir='ltr'><strong>ex.</strong></span> <span class='ocrx_word' id='word_1_103' title='bbox 674 2815 726 2893; x_wconf 83' lang='lat' dir='ltr'><strong>gr.</strong></span> <span class='ocrx_word' id='word_1_104' title='bbox 753 2789 801 2866; x_wconf 91' lang='lat' dir='ltr'><strong>ad</strong></span> <span class='ocrx_word' id='word_1_105' title='bbox 824 2815 968 2890; x_wconf 81' lang='lat' dir='ltr'><strong>magnas</strong></span> <span class='ocrx_word' id='word_1_106' title='bbox 996 2791 1158 2866; x_wconf 79' lang='lat' dir='ltr'><strong>victoriae</strong></span> <span class='ocrx_word' id='word_1_107' title='bbox 1191 2799 1391 2871; x_wconf 82' lang='lat' dir='ltr'><strong>memoriam</strong></span> 
     </span>
     <span class='ocr_line' id='line_1_19' title="bbox 436 2915 1391 3022; baseline -0.006 -22"><span class='ocrx_word' id='word_1_108' title='bbox 436 2919 697 3010; x_wconf 75' lang='lat' dir='ltr'><strong>celebrandam,</strong></span> <span class='ocrx_word' id='word_1_109' title='bbox 717 2917 774 2992; x_wconf 80' lang='lat' dir='ltr'><strong>vel</strong></span> <span class='ocrx_word' id='word_1_110' title='bbox 785 2915 986 3022; x_wconf 88' lang='lat' dir='ltr'><strong>hujusmodi</strong></span> <span class='ocrx_word' id='word_1_111' title='bbox 1004 2916 1105 3019; x_wconf 90' lang='lat' dir='ltr'><strong>quid,</strong></span> <span class='ocrx_word' id='word_1_112' title='bbox 1129 2917 1230 2994; x_wconf 85' lang='lat' dir='ltr'><strong>facile</strong></span> <span class='ocrx_word' id='word_1_113' title='bbox 1248 2921 1391 3020; x_wconf 81' lang='lat' dir='ltr'><strong>intelligi</strong></span> 
     </span>
     <span class='ocr_line' id='line_1_20' title="bbox 437 3041 1391 3150; baseline 0.001 -30"><span class='ocrx_word' id='word_1_114' title='bbox 437 3060 578 3150; x_wconf 79' lang='lat' dir='ltr'><strong>potest,</strong></span> <span class='ocrx_word' id='word_1_115' title='bbox 614 3055 788 3134; x_wconf 78' lang='lat' dir='ltr'><strong>catervam</strong></span> <span class='ocrx_word' id='word_1_116' title='bbox 818 3045 970 3118; x_wconf 80' lang='lat' dir='ltr'><strong>virorum</strong></span> <span class='ocrx_word' id='word_1_117' title='bbox 1006 3041 1209 3140; x_wconf 88' lang='lat' dir='ltr'><strong>audacium,</strong></span> <span class='ocrx_word' id='word_1_118' title='bbox 1243 3043 1332 3126; x_wconf 80' lang='lat' dir='ltr'><strong>bella</strong></span> <span class='ocrx_word' id='word_1_119' title='bbox 1358 3059 1391 3122; x_wconf 86' lang='lat' dir='ltr'><strong>at</strong></span> 
     </span>
     <span class='ocr_line' id='line_1_21' title="bbox 439 3169 1392 3274; baseline -0.006 -22"><span class='ocrx_word' id='word_1_120' title='bbox 439 3173 582 3274; x_wconf 77' lang='lat' dir='ltr'><strong>gloriam</strong></span> <span class='ocrx_word' id='word_1_121' title='bbox 613 3170 854 3272; x_wconf 84' lang='lat' dir='ltr'><strong>quaerentium</strong></span> <span class='ocrx_word' id='word_1_122' title='bbox 881 3169 1024 3244; x_wconf 87' lang='lat' dir='ltr'><strong>nominc</strong></span> <span class='ocrx_word' id='word_1_123' title='bbox 1058 3171 1239 3246; x_wconf 87' lang='lat' dir='ltr'><strong>hominum</strong></span> <span class='ocrx_word' id='word_1_124' title='bbox 1269 3173 1392 3248; x_wconf 89' lang='lat' dir='ltr'><strong>libero·</strong></span> 
     </span>
     <span class='ocr_line' id='line_1_22' title="bbox 385 3293 1391 3392; baseline 0.002 -18"><span class='ocrx_word' id='word_1_125' title='bbox 385 3371 388 3374; x_wconf 84' lang='lat'>.</span> <span class='ocrx_word' id='word_1_126' title='bbox 438 3327 539 3392; x_wconf 89' lang='lat' dir='ltr'><strong>rum,</strong></span> <span class='ocrx_word' id='word_1_127' title='bbox 566 3293 810 3370; x_wconf 84' lang='lat' dir='ltr'><strong>omnirineulo</strong></span> <span class='ocrx_word' id='word_1_128' title='bbox 824 3293 1034 3391; x_wconf 84' lang='lat' dir='ltr'><strong>solutorum,</strong></span> <span class='ocrx_word' id='word_1_129' title='bbox 1059 3297 1160 3376; x_wconf 76' lang='lat' dir='ltr'><strong>idest</strong></span> <span class='ocrx_word' id='word_1_130' title='bbox 1174 3299 1391 3376; x_wconf 79' lang='lat' dir='ltr'><strong>Francorum</strong></span> 
     </span>
     <span class='ocr_line' id='line_1_23' title="bbox 435 3429 805 3512; baseline -0.019 -6"><span class='ocrx_word' id='word_1_131' title='bbox 435 3429 586 3512; x_wconf 86' lang='lat' dir='ltr'><strong>llhsnter</strong></span> <span class='ocrx_word' id='word_1_132' title='bbox 601 3448 701 3502; x_wconf 82' lang='lat' dir='ltr'><strong>osam</strong></span> <span class='ocrx_word' id='word_1_133' title='bbox 719 3445 805 3498; x_wconf 81' lang='lat' dir='ltr'><strong>esso.</strong></span> 
     </span>
    </p>

    <p class='ocr_par' dir='ltr' id='par_1_7' title="bbox 435 3543 1542 4024">
     <span class='ocr_line' id='line_1_24' title="bbox 485 3543 1392 3655; baseline -0.009 -23"><span class='ocrx_word' id='word_1_134' title='bbox 485 3551 682 3655; x_wconf 70' lang='lat' dir='ltr'><strong>visigothi,</strong></span> <span class='ocrx_word' id='word_1_135' title='bbox 715 3551 778 3652; x_wconf 86' lang='lat' dir='ltr'><strong>qui</strong></span> <span class='ocrx_word' id='word_1_136' title='bbox 798 3543 862 3620; x_wconf 84' lang='lat' dir='ltr'><strong>Jus</strong></span> <span class='ocrx_word' id='word_1_137' title='bbox 888 3543 1024 3654; x_wconf 85' lang='lat' dir='ltr'><strong>seudalc</strong></span> <span class='ocrx_word' id='word_1_138' title='bbox 1046 3550 1084 3624; x_wconf 93' lang='lat' dir='ltr'><strong>in</strong></span> <span class='ocrx_word' id='word_1_139' title='bbox 1109 3551 1316 3653; x_wconf 82' lang='lat' dir='ltr'><strong>Hispaniam</strong></span> <span class='ocrx_word' id='word_1_140' title='bbox 1342 3552 1392 3626; x_wconf 86' lang='lat' dir='ltr'><strong>in·</strong></span> 
     </span>
     <span class='ocr_line' id='line_1_25' title="bbox 435 3673 1392 3772; baseline 0.001 -23"><span class='ocrx_word' id='word_1_141' title='bbox 435 3679 688 3770; x_wconf 70' lang='lat' dir='ltr'><strong>nudauerant,</strong></span> <span class='ocrx_word' id='word_1_142' title='bbox 713 3691 750 3752; x_wconf 89' lang='lat' dir='ltr'><strong>et</strong></span> <span class='ocrx_word' id='word_1_143' title='bbox 771 3673 996 3772; x_wconf 84' lang='lat' dir='ltr'><strong>Ostrogothi,</strong></span> <span class='ocrx_word' id='word_1_144' title='bbox 1029 3677 1194 3750; x_wconf 75' lang='lat' dir='ltr'><strong>etiamen</strong></span> <span class='ocrx_word' id='word_1_145' title='bbox 1212 3677 1392 3752; x_wconf 86' lang='lat' dir='ltr'><strong>Germania</strong></span> 
     </span>
     <span class='ocr_line' id='line_1_26' title="bbox 439 3799 1391 3902; baseline -0.004 -24"><span class='ocrx_word' id='word_1_146' title='bbox 439 3801 603 3878; x_wconf 81' lang='lat' dir='ltr'><strong>videntur</strong></span> <span class='ocrx_word' id='word_1_147' title='bbox 620 3799 777 3890; x_wconf 90' lang='lat' dir='ltr'><strong>oriundi,</strong></span> <span class='ocrx_word' id='word_1_148' title='bbox 803 3814 837 3872; x_wconf 88' lang='lat' dir='ltr'><strong>et</strong></span> <span class='ocrx_word' id='word_1_149' title='bbox 860 3813 943 3874; x_wconf 90' lang='lat' dir='ltr'><strong>sunt</strong></span> <span class='ocrx_word' id='word_1_150' title='bbox 960 3801 1197 3878; x_wconf 74' lang='lat' dir='ltr'><strong>verosimiliter</strong></span> <span class='ocrx_word' id='word_1_151' title='bbox 1209 3829 1292 3894; x_wconf 85' lang='lat' dir='ltr'><strong>eos,</strong></span> <span class='ocrx_word' id='word_1_152' title='bbox 1311 3827 1391 3902; x_wconf 87' lang='lat' dir='ltr'><strong>quos</strong></span> 
     </span>
     <span class='ocr_line' id='line_1_27' title="bbox 443 3924 1542 4024; baseline -0.01 -17"><span class='ocrx_word' id='word_1_153' title='bbox 443 3931 635 4010; x_wconf 77' lang='lat' dir='ltr'><strong>Tacitus</strong></span> <span class='ocrx_word' id='word_1_154' title='bbox 659 3924 836 4004; x_wconf 78' lang='lat' dir='ltr'><strong>Cothonea</strong></span> <span class='ocrx_word' id='word_1_155' title='bbox 849 3928 1006 4004; x_wconf 88' lang='lat' dir='ltr'><strong>nominat</strong></span> <span class='ocrx_word' id='word_1_156' title='bbox 1031 3928 1167 4022; x_wconf 89' lang='lat' dir='ltr'><strong>(Germ.</strong></span> <span class='ocrx_word' id='word_1_157' title='bbox 1191 3955 1223 4004; x_wconf 92' lang='lat' dir='ltr'><strong>c.</strong></span> <span class='ocrx_word' id='word_1_158' title='bbox 1239 3927 1340 4024; x_wconf 68' lang='lat'><strong>43),</strong></span> <span class='ocrx_word' id='word_1_159' title='bbox 1360 3938 1393 3999; x_wconf 89' lang='lat' dir='ltr'><strong>et</strong></span> <span class='ocrx_word' id='word_1_160' title='bbox 1541 3991 1542 3996; x_wconf 75' lang='grc'>,</span> 
     </span>
    </p>
   </div>
   <div class='ocr_carea' id='block_1_6' title="bbox 0 16 1574 5126">
    <p class='ocr_par' dir='ltr' id='par_1_8' title="bbox 0 16 1574 5126">
     <span class='ocr_line' id='line_1_28' title="bbox 0 16 1574 5126; baseline 0 0"><span class='ocrx_word' id='word_1_161' title='bbox 0 16 1574 5126; x_wconf 95' lang='lat' dir='ltr'><strong> </strong></span> 
     </span>
    </p>
   </div>
  </div>
 </body>
</html>
