3114 5126
381 777 423 830 ro
450 781 466 832 r
490 809 499 829 .
531 806 541 826 .
569 805 579 824 .
604 751 666 825 sed
688 767 837 854 praestat
858 765 990 844 tacere,
1009 765 1114 856 quani
1134 743 1247 830 alieno
1265 754 1350 831 ioco

386 882 490 952 etiam
516 883 626 976 justae
650 879 832 976 indulgere
856 880 1099 978 indignationi.

433 1005 647 1102 Linguarum
667 1003 894 1077 asiaticarum
918 1007 1108 1102 ignorantia
1133 1007 1214 1082 feeit
1241 1021 1348 1082 utex

385 1131 622 1219 versionibus,
644 1144 680 1202 et
700 1155 743 1202 ex
764 1129 849 1201 locis
867 1131 996 1226 passim
1018 1131 1056 1202 in
1078 1123 1345 1234 Europ'aeorum

385 1258 523 1356 scriptis
551 1257 702 1356 sparsis,
721 1255 839 1326 omnia
870 1253 1009 1328 haurire
1034 1281 1192 1354 cogerer;
1226 1257 1347 1332 forsan

382 1382 483 1483 plura
495 1383 646 1456 inveniri
664 1382 875 1480 potuissent,
894 1379 957 1454 sed
968 1406 1050 1453 cum
1059 1395 1234 1473 auctores,
1254 1407 1345 1484 quos

384 1511 542 1582 conferre
569 1505 695 1594 debui,
717 1504 826 1578 alium
848 1519 1075 1606 sequerentur
1098 1505 1206 1579 finem
1236 1533 1346 1608 quare

383 1661 466 1732 ego,
503 1631 610 1705 multa
640 1631 947 1731 praetermiserunt
966 1644 1067 1731 quae
1097 1631 1164 1705 illis
1188 1631 1342 1724 nultius,

382 1759 472 1834 mihi
486 1781 566 1832 vero
582 1757 699 1852 magni
713 1757 857 1828 fuissent
876 1758 1057 1830 momenti.
1095 1758 1261 1832 Attamen
1278 1757 1347 1832 Hi·

381 1885 491 1961 storia
507 1882 564 1956 illa
588 1879 759 1970 Persidis,
784 1901 890 1982 quam
915 1906 1018 1982 saepe
1039 1881 1086 1956 ad
1106 1896 1222 1983 partes
1239 1911 1345 1960 voce·-

381 2013 438 2102 vi,
463 2011 506 2107 (a
535 2009 590 2081 Sir
614 2007 734 2080 John
756 2005 962 2080 Malcolm
993 2008 1169 2110 scripta),
1195 2027 1231 2086 et
1251 2009 1345 2116 quae

381 2161 425 2212 ex
448 2137 533 2238 ipsis
556 2132 658 2208 libris
676 2135 845 2222 Persicis,
872 2131 1026 2206 Arabicis
1056 2147 1091 2206 et
1112 2137 1244 2213 Indicis
1271 2143 1342 2214 coi·

381 2267 472 2340 leota
499 2275 576 2355 est,
600 2261 681 2332 satis
713 2285 873 2356 magnam
906 2258 1036 2332 habere
1059 2259 1195 2334 videtur
1221 2279 1338 2338 aucto·

381 2395 532 2468 ritatem.
597 2385 720 2484 Nuper
751 2407 794 2454 eu
827 2405 869 2452 eo
902 2381 1101 2482 exemplum
1134 2385 1339 2492 Principum

382 2517 482 2595 attuli
499 2516 560 2615 qui
581 2510 713 2606 regioni
734 2505 867 2580 Seisten
881 2505 1125 2606 imperabant3
1144 2509 1232 2586 ¹huic
1257 2515 1340 2592 addi

380 2655 497 2748 potest
511 2635 655 2710 historia
672 2632 773 2729 Regis
787 2633 853 2704 Ksi
870 2631 1032 2704 Khosrou
1050 2645 1086 2704 et
1104 2631 1252 2710 heroum
1266 2637 1341 2744 ejus
1383 2693 1386 2703 .

382 2769 500 2858 aulae,
525 2761 586 2863 qui
606 2759 643 2832 in
661 2755 779 2828 multis
797 2757 1015 2828 conveniunt
1033 2782 1113 2830 cum
1132 2763 1254 2836 Carolo
1270 2792 1341 2840 ma.

380 2921 451 2996 gno
468 2903 504 2966 et
527 2893 602 2985 ejus
616 2879 740 2982 probis
763 2880 955 2979 equitibus,
980 2882 1053 2984 (les
1073 2907 1098 2982 9
1115 2896 1259 2988 prm)
1278 2892 1341 2966 331..

381 3037 454 3093 tem
476 3011 571 3116 quod
597 3006 645 3082 ati
659 3004 799 3082 vivendi
819 3002 963 3076 modum
982 3019 1019 3080 et
1038 3009 1215 3084 vinculum
1242 3017 1350 3114 quod‘

381 3169 440 3217 eos
476 3141 567 3210 inter
606 3145 643 3204 et
680 3156 798 3230 regem
837 3126 979 3200 exstitit.
1041 3125 1338 3232 Nebncaduezar‚

370 3254 773 3366 ἱ(ΒιιοΙιι-ιιΙ-Νιιεεεν)
799 3253 860 3352 qui
883 3252 922 3322 in
946 3250 984 3323 S.
1005 3252 1042 3324 S.
1061 3253 1102 3324 L.
1123 3255 1166 3332 L.
1191 3282 1340 3335 comme·

381 3401 550 3470 moratur,
565 3379 704 3456 ridetur
723 3381 814 3477 regis
834 3375 1014 3475 Lohorasp
1037 3377 1196 3452 vassallus
1214 3382 1352 3478 fuisses

372 3525 487 3614 aquo
509 3505 735 3607 Babyloniam
758 3530 819 3578 seu
840 3501 1055 3603 provinciam
1073 3497 1151 3573 lrak
1173 3501 1279 3578 Arabi
1296 3519 1334 3580 ut

379 3638 523 3716 seudum
546 3641 739 3729 acceperat.
840 3697 842 3703 ,

428 3763 595 3857 Superest
618 3766 656 3825 ut
674 3750 718 3824 de
741 3749 883 3822 Graecis
900 3748 1076 3821 videamus
1096 3737 1333 3848 scriptoribus.

377 3883 517 3958 Heeren
541 3875 691 3969 (turen,
713 3873 756 3948 T.
775 3873 806 3946 Ι.
834 3898 872 3972 p.
889 3871 997 3972 485.)
1020 3871 1183 3978 exemplis
1205 3875 1328 3976 probat
