3114 5126
601 511 825 592 -1-13..

254 741 258 752 ¹
299 708 374 786 'Alit
393 707 462 810 (r)
488 721 644 819 auctores
665 712 727 816 qui
747 713 888 786 tortasse
910 710 1014 813 hujus
1037 709 1200 812 objectio·
1309 807 1318 822 „
1386 775 1392 796 ,

223 870 225 876 ¹
251 836 311 912 nis
337 839 410 914 vim
437 851 637 930 senserunt,
661 865 735 927 non
757 835 975 910 adscendunt
1000 837 1101 911 ultra¹
1114 851 1201 911 tem·

250 987 337 1064 pora
354 961 546 1036 Alexandri
568 965 704 1055 Severi„
719 964 809 1036 cirea
831 989 961 1036 annum
982 985 1067 1047 πα.
1093 962 1206 1036 «Sola

252 1117 275 1160 »
302 1089 452 1189 quaeda
478 1085 633 1160 hostibus
651 1101 752 1188 capta
775 1099 875 1174 sunt,
898 1083 1081 1161 limitaneis
1102 1089 1203 1162 duci·

251 1241 275 1282 »
300 1214 368 1287 bus
389 1225 425 1286 et
442 1210 611 1286 militibus
632 1212 795 1301 donavit,
820 1215 931 1286 ita-ut
950 1237 1069 1288 eorum
1086 1225 1203 1294 emant

248 1365 273 1410 »
300 1340 331 1412 si
356 1337 524 1412 haeredes
555 1361 676 1411 eorum
708 1337 919 1430 militarent,
957 1365 1203 1442 necunquam

53 1473 59 1490 '
145 1471 146 1474 ’
250 1493 273 1536 »
302 1461 348 1538 ed
368 1463 519 1564 privatos
541 1466 778 1565 pertinerent;
812 1461 934 1537 dicens
956 1465 1122 1538 attentius
1143 1489 1243 1546 eos⁴

250 1618 274 1662 u
301 1587 511 1662 militaturos
547 1589 577 1672 si
613 1590 718 1664 etiam
755 1615 814 1661 sua
848 1615 928 1662 rura
963 1580 1202 1664 defenderent.
1284 1669 1287 1676 ,

250 1713 273 1788 s
301 1711 449 1788 Addidit
471 1737 555 1786 sane
578 1713 635 1786 his
658 1713 819 1786 animalia
844 1725 880 1786 et
900 1737 1035 1806 servos,
1062 1727 1103 1786 ut
1121 1739 1203 1814 pose

125 1901 129 1910 .
225 1869 272 1914 vu
300 1853 377 1913 sent
404 1836 518 1914 colere
553 1834 650 1938 quod
675 1851 899 1940 acceperant,
933 1863 1001 1912 nec
1024 1865 1089 1940 per
1122 1840 1203 1913 ino·
1330 1889 1340 1910 .

250 1993 274 2037 n
300 1951 405 2066 piam*
418 1963 625 2054 hominum,
658 1963 715 2037 vel
747 1977 926 2039 senectute
951 1965 1203 2065 possidentium

251 2121 273 2160 u
301 2089 540 2164 desererentur
554 2117 636 2164 rura
652 2090 779 2168 vicinia
796 2089 993 2181 barbariae,
1017 2089 1112 2190 quod
1130 2105 1204 2180 tur-

186 2242 191 2260 i
249 2197 483 2317 »pissimum
515 2239 590 2288 esse
615 2212 786 2293 dicebat.”
819 2213 1137 2316 (Lampridius
1162 2215 1202 2290 in

228 2319 600 2418 ⁸virs1t1ar.s'everi.
627 2341 710 2444 op.
737 2341 823 2440 ss.)

295 2467 374 2542 Hoc
398 2447 596 2540 institutum
620 2467 734 2542 'feudo
759 2465 869 2540 multo
899 2466 1046 2568 propius
1067 2464 1202 2542 accedit

247 2573 355 2694 quam
384 2615 424 2664 ea
449 2615 542 2701 quae,
559 2594 631 2687 jam
648 2593 817 2685 vidimus;
844 2606 928 2667 sunt
955 2594 1027 2690 agri
1059 2592 1133 2666 dati
1159 2596 1201 2666 in

227 2741 346 2826 Q⁸P⁰m
381 2716 490 2791 futuri
520 2712 624 2788 officii
652 2715 833 2810 militaris,
863 2729 948 2788 sunt
972 2718 1079 2788 etiam
1104 2717 1202 2794 ‚servi

225 2889 229 2896 -
246 2838 365 2942 glebae
381 2835 559 2932 adstricti,
575 2854 613 2914 et
632 2838 730 2916 facile
749 2843 816 2915 boc
831 2841 1056 2941 possessionis
1072 2864 1200 2938 genus,
1313 2841 1317 2850 “

223 2979 331 3040 'cum
351 2961 508 3037 dominio
528 2967 664 3042 vassalli
683 2966 722 3039 in
747 2962 858 3038 fundo
883 2963 1011 3038 feudali
1034 2963 1205 3040 confundi

244 3099 377 3191 potest,
400 3089 430 3163 si
449 3085 494 3162 ad
513 3087 662 3165 formam
683 3101 823 3164 tantum
842 3103 1021 3162 externum
1045 3085 1203 3170 attende·

220 3241 228 3264 ·
247 3225 316 3286 tur.
347 3212 512 3286 Attamen
528 3215 685 3314 quamvis
702 3211 922 3288 verisimilior
937 3211 1097 3286 rideatur
1115 3209 1203 3284 baec

215 3337 483 3436 *interpretatio
511 3361 629 3437 quam
652 3337 799 3412 aliorum
830 3361 917 3437 quas
946 3341 1015 3437 jem
1049 3334 1203 3410 vidimus

131 3499 132 3502 π
246 3473 430 3544 auctorum
465 3457 680 3546 sententiae,
716 3456 804 3529 baec
837 3459 941 3530 etiam
976 3456 1070 3530 cadit
1103 3457 1132 3532 si
1161 3461 1201 3534 in

239 3587 346 3692 hujus
372 3579 523 3658 instituti
547 3589 707 3652 naturam
735 3577 838 3652 ultius
868 3563 1092 3684 inqcirimus;
1129 3583 1202 3684 agri

253 3785 404 3808 m

285 3907 348 3999 (1)
368 3905 440 3969 vid.
454 3864 691 3980 ΔΜοΙίιιιιοιιε,
719 3901 858 3968 Concitet.
875 3905 967 3970 Paris.
988 3904 1087 3968 titt.
1112 3901 1202 3986 boy-

247 4031 355 4090 sean,
378 4017 431 4080 dos
452 4014 564 4080 effice·
584 4012 687 4079 tint.
705 4016 777 4100 Cep.
791 4024 820 4080 1.
