3114 5126
422 775 544 883 pnlum
566 773 745 856 meliorem
763 801 862 876 posse
883 779 990 866 ellici,
1015 779 1054 852 in
1073 804 1179 879 regno
1191 781 1376 862 liberaliter

422 909 581 982 instituto
610 914 645 975 et
674 901 770 1002 quod
792 903 917 976 eximie
946 903 1037 977 salet
1065 905 1109 977 ad
1134 907 1383 986 humanitatem

423 1029 700 1136 properandam3
738 1031 800 1103 sed
834 1055 906 1102 non
937 1043 1007 1102 tam
1034 1044 1177 1108 naturae
1202 1051 1385 1110 consenta-

423 1188 533 1237 neum
554 1182 628 1230 esse
651 1155 809 1246 videtur,
834 1154 924 1260 leges
947 1155 1056 1229 semel
1088 1161 1234 1234 sancitas
1258 1164 1386 1236 mutari

421 1312 527 1389 posse
549 1286 652 1356 tacita
671 1280 729 1353 illa
754 1307 891 1354 morum
915 1284 1178 1394 consuetudine.
1240 1287 1321 1362 Hoc
1339 1301 1389 1360 ta·

424 1439 508 1487 men
532 1413 567 1484 in
591 1408 785 1510 praeteritis
816 1407 962 1482 saeculis
994 1433 1097 1510 saepe
1131 1410 1278 1486 accidit:
1312 1427 1390 1487 tum

424 1529 504 1622 lum
535 1535 593 1609 lex
620 1535 726 1608 nimis
750 1529 846 1606 culta
875 1547 911 1606 et
938 1533 1122 1608 humanior
1149 1549 1260 1630 esset,
1285 1565 1391 1638 qaam

424 1680 466 1738 ut
486 1661 637 1764 populus
662 1658 776 1730 adhuc
804 1659 973 1732 barbarus
993 1663 1026 1734 ei
1049 1661 1288 1760 obtemperare
1312 1686 1394 1764 pos·

427 1803 503 1879 set,
529 1803 605 1860 tum
630 1771 724 1857 curnu
741 1783 799 1855 lex
817 1781 966 1856 barbara
991 1789 1196 1880 mansisset,
1232 1789 1392 1888 quamvis

426 1913 547 2018 populi
573 1935 686 1984 mores
708 1914 778 2008 iam
800 1910 1023 1984 humaniores
1043 1911 1126 1984 sacti
1149 1929 1275 1988 essent.
1334 1913 1389 1988 Ne

428 2042 564 2146 longius
593 2037 768 2138 disputem
799 2035 869 2110 duo
888 2049 1028 2116 tantum
1047 2039 1207 2138 exempla
1220 2037 1314 2124 mihi
1336 2041 1393 2117 af·{
1426 2085 1428 2088 ·

339 2221 341 2226 ,
429 2169 518 2242 ferre
544 2165 660 2242 liceat.
1082 2259 1086 2272 ἱ

383 2375 384 2388 ,
475 2293 678 2372 Ludovicus
698 2292 775 2390 IX,
808 2289 881 2364 Rex
913 2289 1074 2384 Galliae,
1108 2291 1161 2366 vir
1182 2292 1322 2391 ingenio
1342 2305 1395 2368 at·

428 2448 496 2523 que
524 2416 738 2495 humanitate
759 2418 960 2520 aequalibus
986 2419 1057 2492 suis
1081 2419 1190 2492 multo
1211 2418 1393 2520 superior,

429 2575 540 2650 quum
573 2559 847 2621 commoveretur
878 2544 1040 2620 barbarie
1073 2545 1132 2620 illa
1159 2571 1249 2646 quae
1280 2544 1395 2657 adhuc

422 2675 635 2748 omniafere
667 2675 823 2760 instituta
848 2673 968 2771 gallica
988 2673 1204 2764 maculabat,
1229 2675 1396 2775 plurimas

323 2895 325 2904 Ι
430 2825 535 2876 novas
556 2802 645 2901 leges
669 2803 834 2891 sancivit,
861 2804 1132 2875 Institutionum
1151 2801 1295 2872 nomina
1318 2828 1396 2902 cog·

421 2930 543 3019 nitas,
579 2954 666 3029 quae
695 2927 805 3002 multo
832 2929 942 3026 magis
973 2939 1189 3026 comparatae
1222 2941 1321 3000 erant
1350 2929 1397 3004 ad

429 3079 546 3126 mores
565 3053 686 3154 populi
714 3051 920 3126 excolendos
939 3065 974 3124 et
994 3051 1197 3152 poliendos3
1226 3053 1288 3126 sed
1313 3081 1397 3130 cum
1429 3071 1430 3074 ’

421 3179 551 3280 *plures
569 3180 691 3252 harum
711 3179 829 3277 legum
851 3203 924 3250 non
947 3182 1161 3252 conveniunt
1180 3205 1261 3253 eum
1286 3181 1396 3282 gradu

419 3307 658 3379 ·humanitatis
680 3331 750 3408 quo
773 3319 969 3379 tumerent
997 3305 1110 3398 Galli,
1145 3306 1399 3406 insdesuetmli·

416 3459 515 3508 mem
537 3431 719 3522 abierunt,
743 3458 859 3532 neque
881 3432 971 3506 ultra
987 3433 1091 3507 vitam
1110 3433 1311 3534 legislatoris
1333 3435 1399 3510 du·

419 3569 608 3636 ‘raverunt
664 3559 874 3662 Exemplum
905 3557 1050 3662 praebet
1078 3559 1277 3634 institutum
1309 3562 1399 3638 illud
1454 3657 1458 3666 Ι

417 3703 504 3786 'quo
537 3683 668 3757 bellum
698 3689 871 3787 privatum
903 3685 1037 3783 (faida)
1067 3684 1268 3780 vetabatur,
1302 3687 1401 3788 quod
1451 3706 1452 3715 ’
1507 3739 1508 3742 =

375 3847 397 3890 γ
436 3813 492 3886 vix
519 3806 702 3884 Ludovico‘
725 3826 889 3909 regnante
918 3813 1139 3885 observatum
1170 3813 1254 3890 fuit:
1291 3815 1399 3913 quip-

415 3969 482 4050 ,μ
529 3939 615 4012 haec
660 3935 814 4020 bellandi
859 3937 1073 4010 consuetudo
1117 3937 1272 4012 moribus
1324 3939 1402 4012 illo·

437 4097 517 4145 rum
545 4080 741 4167 temporum
766 4078 836 4138 tam
861 4064 1049 4166 inyeterata
1077 4078 1188 4158 esset,
1213 4079 1251 4137 ut
1279 4065 1402 4174 exstir-
