3114 5126
759 519 955 596 ..14-

376 709 515 814 quidr'm
553 713 619 788 aul)
651 714 853 790 conditione
890 696 1030 792 seruitii¹
1051 719 1207 823 militaris
1248 719 1321 798 dari

375 852 496 928 erant,
520 836 582 910 sed
601 846 821 942 caeteroquin
847 843 883 914 iu
903 844 997 919 nulla
1018 870 1053 918 re
1070 845 1279 920 differebant
1300 875 1319 923 a

375 960 487 1036 fundo
515 985 675 1050 romano,
705 977 742 1036 et
769 989 789 1034 a
821 963 1007 1040 donatione
1029 968 1095 1042 sub
1125 971 1324 1046 conditione

375 1065 466 1160 uera
488 1084 578 1160 uulli
606 1084 740 1159 reditus
764 1086 935 1181 feudales,
971 1089 1105 1164 nullum
1135 1095 1325 1194 praecipue

376 1197 581 1308 homdgium
602 1236 668 1284 nec
681 1216 928 1310 juramentum
949 1213 1140 1304 fidelium,
1165 1216 1326 1294 donatio-

374 1337 432 1408 nis
454 1332 600 1406 feudalia
623 1359 788 1430 maguum
813 1337 1007 1410 criterium.¹

422 1461 503 1534 Hoc
520 1474 763 1558 argumentum
782 1459 885 1532 etiam
903 1461 1037 1558 profert
1055 1459 1253 1536 Sullivau
1275 1457 1334 1556 (ι)

375 1586 434 1688 qui
455 1597 492 1658 et
512 1585 605 1658 aliud
628 1585 748 1676 addit,
770 1587 899 1684 nempe
922 1585 1023 1662 feuda
1045 1586 1234 1662 admodum
1253 1611 1332 1660 sero
1369 1630 1375 1638 .

374 1705 583 1788 hereditaria
606 1710 696 1784 facta
720 1736 820 1799 esse,
845 1724 880 1782 et
902 1709 963 1784 diu
991 1737 1061 1782 uon
1090 1737 1155 1810 pro
1177 1711 1331 1808 longiore

376 1839 457 1912 data
477 1836 581 1909 fuisse
606 1849 761 1933 tempore
782 1859 887 1934 quam
907 1833 1072 1907 vassallos
1095 1837 1128 1908 in
1151 1837 1237 1910 vivis
1259 1863 1332 1910 ma·

374 1977 494 2056 neret3
514 1959 720 2064 comprobat
739 1961 1069 2057 igitursenteutiam
1092 1960 1253 2036 Oberti
1278 1962 1331 2036 de

375 2093 511 2179 Orto,
549 2102 585 2162 et
617 2085 1121 2187 GerardiCapagiatae,
1159 2089 1196 2160 in
1232 2085 1332 2160 libris

374 2220 422 2292 rie
452 2217 585 2292 Feudir
615 2237 812 2314 expressam
843 2211 936 2309 (a),
961 2212 1020 2312 qui
1057 2213 1203 2313 Corpori
1237 2213 1332 2286 Juu's

374 2342 521 2416 Romani
547 2339 754 2440 plerumque
778 2336 935 2436 adjuncti
956 2337 1119 2413 eduntur.
1169 2338 1239 2414 Sed
1257 2366 1330 2426 nou

375 2481 432 2541 esi
445 2467 504 2540 hie
527 2465 624 2539 locus
640 2464 742 2564 hujus
762 2455 951 2536 sententiae
966 2463 1331 2568 excutiendae,quam

373 2592 478 2696 paulo
502 2582 582 2692 posi
605 2588 832 2692 perpendam.
965 2643 968 2652 .
1286 2581 1289 2590 ’

422 2717 490 2792 Alii
518 2716 591 2813 (3)
626 2739 809 2814 agnoscere
841 2713 909 2790 sibi
942 2715 1104 2794 videntur
1136 2717 1261 2811 feuda,
1292 2717 1332 2792 in

375 2844 465 2944 agris
499 2857 764 2944 procuratorum
810 2843 1066 2933 Romanorum,
1105 2857 1331 2942 praetorum,

375 2967 709 3041 usufruotnariorum
722 3023 732 3058 ‚
746 2963 1033 3066 publicanorum,
1060 2981 1143 3060 elc.;
1164 2969 1227 3042 sed
1245 2968 1332 3046 haec
1404 3054 1405 3058 Ἰ

374 3095 548 3166 sententia
578 3093 786 3166 refutatione
820 3091 963 3190 indigna
986 3091 1140 3185 videtur,
1176 3121 1258 3170 cum
1292 3094 1332 3172 hi

372 3189 577 3317 possidendi
605 3216 703 3290 modi
723 3231 859 3292 tautum
879 3243 961 3290 cum
979 3218 1178 3318 impropriis
1197 3234 1233 3292 et
1254 3227 1332 3298 sero
1412 3271 1421 3280 -

372 3341 418 3416 in
435 3367 538 3436 usum
564 3342 772 3422 introductis
797 3341 929 3436 feudis,
954 3341 1103 3444 aliquam
1122 3344 1275 3423 habeant
1291 3349 1336 3428 si·

368 3543 537 3564 m

357 3622 374 3716 ,Ι
415 3663 475 3742 (1)
493 3663 639 3724 Lecturea
657 3683 696 3724 on
706 3666 759 3728 the
769 3665 860 3732 Lawe
870 3673 903 3730 ei
912 3666 1115 3732 Comiiluiiou
1129 3667 1167 3731 of
1181 3615 1327 3752 Euglaud·

379 3768 601 3832 Bde.L.&

415 3879 475 3960 (2)
491 3880 525 3940 F.
544 3881 567 3943 1.
586 3883 645 3944 Tu.
667 3889 693 3944 1.
713 3881 731 3968 ᾗ
749 3891 778 3952 1.
810 3917 813 3922 ·

416 3990 476 4078 (3)
496 3990 668 4056 Sullivun
686 3993 707 4053 1.
726 3993 750 4056 1,
