3114 5126
681 525 947 602 ·-2t...

363 721 471 814 lidos,
491 724 631 800 nulium
651 741 845 828 praestatur
861 727 1079 828 homagium,
1101 725 1238 804 nullum
1254 727 1324 802 ext

360 854 456 950 gitur
477 852 653 924 servitium
684 853 857 946 militare,
892 880 957 928 nec
987 853 1151 928 dominus
1173 853 1327 955 Emphy·

362 991 499 1052 teuseos
529 977 631 1050 ullam
664 981 813 1078 acquirit
843 994 1049 1080 potestatem
1079 981 1117 1052 in
1137 1005 1326 1080 personam

359 1101 636 1204 Emphyteutae3
672 1104 769 1176 nullo
790 1105 896 1176 modo
922 1107 1092 1178 intereos
1117 1105 1326 1178 existitvin·

360 1230 478 1302 cutum
502 1229 597 1329 quod
619 1231 712 1302 inter
737 1227 919 1302 domtnum
945 1227 1116 1302 feudalem
1143 1243 1180 1302 et
1203 1230 1326 1304 vassa}-

359 1354 435 1428 lum
447 1353 604 1446 obtinet,
629 1353 692 1430 sed
709 1369 844 1431 tantum
862 1354 899 1432 id
914 1355 1008 1458 quod
1026 1357 1118 1429 inter
1137 1355 1324 1430 locatorem

357 1495 398 1554 et
417 1478 664 1556 conductorem
676 1493 791 1573 extat3
817 1483 902 1582 quin
921 1484 1025 1557 etiarn
1042 1487 1079 1556 in
1092 1482 1325 1584 Emphyteuei

356 1620 477 1706 potest
501 1605 643 1679 colonus
663 1607 848 1708 ejusdem,
885 1610 1070 1685 ueletiam
1095 1610 1224 1686 altioris
1250 1633 1326 1689 esse

354 1731 538 1828 dignitatis
560 1729 735 1806 ordinisve
756 1757 860 1827 quam
881 1737 1055 1808 dominus.

351 1889 356 1900 ·
408 1851 616 1929 Notandum
627 1865 682 1927 est
691 1853 946 1954 Emphyteusin
966 1885 1041 1931 non
1057 1855 1235 1950 exltalia,
1260 1858 1324 1934 sed
1366 1837 1368 1844 i

358 2009 402 2061 ex
436 1983 581 2056 Graecia
608 2006 687 2056 esse-
710 1979 896 2054 oriundam
923 1995 958 2054 et
986 2009 1028 2054 ex
1057 1986 1180 2082 exiguo
1206 1985 1324 2081 legum

357 2136 507 2188 numero
518 2133 606 2211 quac
621 2105 667 2180 de
679 2107 747 2180 hoc
765 2122 944 2182 contractu
962 2109 1049 2182 latae
1068 2113 1227 2200 suerunt,
1252 2111 1324 2184 co}-

357 2237 464 2338 ligere
490 2261 674 2336 possumus
703 2241 779 2334 ejus
810 2263 908 2312 usum
930 2263 1004 2310 non
1032 2238 1078 2307 ita
1103 2237 1322 2336 frequentem

219 2460 221 2463 1
348 2363 485 2452 ·firisse;
521 2373 670 2460 suntque
694 2361 760 2432 hae
794 2360 888 2458 leges
921 2361 1110 2433 admodum
1140 2375 1318 2455 recentem

351 2491 491 2592 primus
508 2487 568 2587 qui
592 2498 791 2558 contractus
811 2485 955 2582 hujusce
974 2499 1133 2558 naturam
1161 2487 1321 2563 definivit

354 2617 423 2690 tuit
443 2617 637 2714 Imperator
661 2613 779 2702 Zeno,
804 2613 865 2714 qui
885 2637 980 2684 anno
999 2615 1071 2711 474
1096 2640 1242 2714 regnare
1263 2616 1321 2688 in·

356 2743 485 2843 eoepit.
520 2739 604 2814 Non
624 2737 768 2814 ridetur·
784 2762 865 2838 ergo
882 2739 1131 2840 Emplryteusis
1150 2742 1321 2837 originem
1356 2751 1360 2758 '

352 2870 462 2942 tuisse
484 2865 676 2940 feudorum
963 2845 967 2854 i

403 2993 638 3064 Inveniuntur
658 3015 777 3062 revera
805 2991 844 3062 iu
865 2987 986 3077 trata,
1022 2987 1135 3061 Gallia
1164 3001 1200 3060 et
1230 2990 1318 3061 Ger·
1405 3050 1407 3054 ,

354 3117 470 3192 mania
496 3117 653 3186 instituta
673 3111 820 3185 feudalia
842 3115 943 3186 miro
961 3115 998 3184 in
1021 3113 1125 3184 modo
1155 3139 1235 3186 cum
1263 3114 1317 3186 le·

354 3240 455 3340 gibus
473 3239 633 3312 Romanis
652 3238 837 3322 commixta
852 3263 861 3328 ;
885 3239 947 3311 sed
964 3263 1037 3311 non
1059 3239 1209 3312 multum
1227 3242 1318 3315 vater

306 3385 311 3391 '
352 3368 422 3441 hoc
434 3378 697 3464 argumentum,
714 3389 796 3436 nam
816 3387 897 3436 curn
915 3369 1007 3440 circa
1025 3365 1202 3438 saeculum
1221 3364 1318 3459 ΧΠ,

353 3493 477 3596 populi
496 3492 623 3565 sentire
640 3483 869 3590 incoeperunt
888 3518 990 3590 quam
1009 3493 1208 3592 imperfecta
1227 3507 1317 3568 esset

344 3621 422 3730 'fori
444 3617 588 3694 modalis
608 3617 630 3688 J
633 3615 905 3714 urisprudentia,
933 3622 1047 3702 conati
1066 3633 1147 3691 sunt
1166 3620 1248 3693 huic
1266 3619 1315 3691 vi·

332 3747 405 3818 <tio
432 3742 626 3816 remedium
650 3741 792 3829 afferre,
827 3743 928 3840 plura
949 3768 968 3814 e
992 3744 1127 3842 legibus
1150 3745 1311 3826 Romania
1404 3729 1407 3740 ¹

351 3883 540 3957 sumentes,
553 3867 596 3942 ad
608 3868 641 3942 J.
652 3868 692 3942 F.
709 3866 963 3967 supplendum,
975 3883 1015 3941 ut
1027 3871 1314 3970 optimedcnron·

351 4012 437 4073 strat
462 3990 720 4072 Robertson
745 3992 852 4088 (latr.
871 4007 907 4068 ro
930 3995 990 4069 the
1008 3995 1100 4072 Hist.
1118 3998 1159 4069 oi
1167 3995 1230 4072 Ch.
1243 3973 1314 4094 V.)
