3114 5126
369 1325 371 1330 ·
473 1269 723 1368 CAPUT
762 1263 1190 1368 SECUNDUM.

397 1586 499 1638 arun
521 1589 667 1640 suanos
689 1583 866 1642 veranus
899 1585 1081 1640 aurosus
1103 1583 1270 1638 eorunos

437 1691 494 1766 (ει
531 1701 741 1750 sanutuos
778 1686 1006 1773 exessus),
1046 1697 1227 1752 rursum

488 1813 732 1864 ruantruruu
764 1811 868 1864 uuus
897 1813 958 1862 tus
986 1811 1166 1864 anunente

612 1927 811 1978 oarsrunu
833 1922 1048 1980 natantur.

322 2249 629 2366 'Difficillimum
654 2303 708 2364 est
736 2292 876 2392 neganti
901 2289 1074 2391 probare,
1110 2271 1315 2394 praesertim

351 2416 390 2490 in
409 2413 573 2516 aequalis
591 2415 677 2487 haee
694 2430 758 2490 est.
795 2420 989 2494 Enimvero
1003 2417 1092 2492 mihi
1110 2421 1160 2492 sie
1178 2422 1317 2494 ineunt·

350 2537 452 2614 beret
477 2565 566 2612 onus
588 2538 647 2636 ltic
671 2537 917 2647 descriptionis
938 2541 1063 2643 plenae
1083 2559 1120 2618 et
1143 2547 1315 2648 perfectae

349 2663 530 2742 faciendae
552 2665 708 2741 omnium
732 2667 849 2768 legum
874 2683 978 2772 etque
999 2670 1237 2744 institutorum
1253 2678 1320 2746 eu·

349 2797 557 2892 jussumque
580 2793 725 2896 populi3
762 2795 826 2870 sed
852 2821 955 2893 cum,
989 2797 1142 2895 exceptis
1172 2797 1315 2868 Graecis

348 2930 386 2990 et
400 2919 593 3012 Romanis,
618 2919 716 2994 nulla
732 2921 858 2994 harum
883 2923 1038 3020 gentium
1062 2899 1167 2994 nobis
1186 2919 1313 3021 scripta

331 3041 528 3144 reliquerit
543 3043 583 3116 in
606 3044 736 3144 quibus
756 3043 1014 3146 antiquissimae
1034 3042 1127 3142 leges
1151 3041 1207 3117 vel
1225 3069 1313 3116 con·
1400 3060 1401 3065 ’
1503 3066 1505 3073 ·

345 3163 549 3240 suetudines
565 3164 872 3258 describerentur,
897 3193 978 3240 cum
996 3165 1194 3268 saepissime
1210 3167 1247 3238 in
1257 3165 1314 3240 lit·

251 3285 254 3298 ’
306 3335 308 3342 1
346 3293 431 3366 teris
454 3289 559 3364 rudes
580 3302 718 3382 essent,
744 3289 936 3390 colligenda
961 3304 1016 3366 est
1039 3289 1312 3393 uniuscujusque

346 3414 470 3520 populi
491 3413 637 3488 historia
652 3437 673 3484 e
686 3415 788 3488 variis
806 3415 972 3492 Romanis
993 3415 1054 3491 vei·
1070 3417 1212 3490 Graecis
1229 3418 1315 3490 scri-

344 3541 507 3642 ptoribus
533 3541 596 3644 qui
618 3538 700 3614 alias
732 3541 863 3614 Gentes
894 3539 1090 3642 Europasas
1118 3543 1245 3644 passim
1270 3545 1314 3618 li·

288 3682 290 3686 ’
344 3665 418 3740 bris
447 3667 518 3738 suis
543 3682 876 3761 commemorarunu
906 3681 996 3769 quae
1024 3669 1175 3764 ingentis
1197 3673 1310 3770 operis

242 3837 264 3894 .'
343 3791 507 3866 materies
525 3815 598 3862 non
616 3789 717 3862 facile
735 3791 830 3865 inter
850 3795 1110 3867 Dissertationis
1128 3797 1215 3868 fines
1230 3819 1311 3866 con·

343 3917 446 3991 tineri
469 3891 596 4019 potest.
645 3915 813 3992 Nonnulli
836 3931 953 3990 tamen
977 3920 1095 3994 conati
1119 3921 1200 3992 su'ut
1220 3923 1310 4020 ejus·

240 4033 245 4044 ²
343 4042 440 4120 modi
460 4041 546 4146 quid
567 4042 702 4136 faeere,
735 4056 770 4116 et
796 4043 956 4145 inprimis
988 4047 1122 4126 Doc'tus
1159 4046 1319 4152 Simon
