3114 5126
617 545 813 626 ..23-
946 479 948 486 Ι

178 761 180 766 ’
239 751 300 850 jue
321 741 459 818 feudele
481 745 521 820 in
541 745 637 820 ltalia
656 761 790 839 ortum,
815 773 901 851 quas
920 759 1087 848 quantum
1106 745 1205 847 potu!

151 892 155 898 '
239 885 386 948 conatus
412 897 491 944 sum
510 872 671 946 refutare.
721 874 791 946 Sed
810 889 846 948 et
866 872 960 945 aliud
988 885 1082 944 extat
1103 871 1207 972 hujus

192 1027 195 1032 ’
241 998 433 1072 sententiae
454 1013 717 1095 argumentum,
749 1021 877 1096 nempe
902 994 1083 1068 existentia
1110 996 1206 1070 tum
1306 1070 1308 1074 .

241 1120 565 1224 Emphyteuticarii.
608 1121 715 1194 Extat
734 1119 899 1193 nimirum
919 1119 957 1192 in
975 1117 1208 1219 Emphyteus'i

239 1245 364 1322 divisio
384 1247 444 1320 illa
473 1245 619 1320 dominii
642 1245 680 1318 in
706 1245 791 1318 utile
817 1259 853 1318 et
873 1270 1095 1344 supremum,
1118 1261 1228 1344 quae·

240 1373 349 1448 etiam
368 1373 407 1446 in
424 1373 460 1446 J.
482 1371 526 1446 F.
548 1371 588 1478 in
605 1395 707 1443 usum
725 1371 831 1444 venit.
880 1371 946 1442 Est
961 1367 1210 1469 Emphyteusie

240 1510 442 1571 eontraetus
459 1493 717 1587 consensualis,
742 1519 812 1596 quo
835 1493 999 1568 dominus
1026 1493 1128 1568 fundi
1153 1491 1209 1568 vel
1276 1507 1279 1514 “

240 1621 415 1713 aedificii,
444 1619 577 1724 praedji
600 1623 654 1694 sui
673 1621 928 1698 usumfructum
947 1634 983 1694 et
1010 1623 1067 1718 jus
1093 1617 1211 1692 domi·

244 1749 306 1824 nio
317 1749 538 1848 proximum,
563 1747 662 1819 alteri
682 1747 965 1846 inperpetuum,
988 1743 1211 1821 velantem

243 1879 311 1975 'pus
333 1901 407 1947 non
429 1871 631 1962 modicum,
654 1870 835 1964 concedit,
865 1897 908 1947 ea
928 1869 1088 1972 lege‚-ut
1113 1871 1151 1944 in
1176 1899 1214 1944 a·
1348 1867 1358 1891 ⁸

244 1999 436 2098 gnitiouem
448 1997 615 2088 dominii,
638 2023 810 2072 canonem
829 2023 987 2070 annuum
1005 1997 1113 2070 solvat
1134 1993 1214 2094 (ι).

246 2123 381 2198 Colono
409 2123 491 2198 licet
510 2125 756 2224 emphyteusin
779 2122 948 2214 vendere,
974 2124 1215 2196 consentiente

199 2277 206 2282 ·
244 2248 421 2338 Domin03
435 2265 549 2352 potest
560 2251 656 2324 illam
673 2250 778 2323 etiam
799 2250 911 2322 invito
930 2247 1091 2340 domino,
1104 2246 1211 2332 alteru

245 2373 398 2468 donare,
431 2390 652 2476 permutare,
686 2375 772 2448 dum
792 2399 902 2448 novus
927 2373 1071 2448 colonus
1094 2373 1216 2447 laude·

242 2503 385 2592 mium,
424 2501 461 2574 id
489 2517 541 2576 est
571 2505 895 2605 quinquagesimam
929 2503 1037 2604 pretii
1076 2515 1214 2602 purtem

245 2623 398 2698 domino
419 2625 526 2698 solvat
548 2627 633 2725 (2)
651 2639 653 2643 ’

243 2805 249 2824 .
295 2751 366 2824 Hic
384 2764 581 2824 contractus
600 2763 739 2850 ,tantam
756 2779 838 2826 eum
857 2749 963 2836 feudo
987 2748 1096 2823 habet
1121 2751 1216 2825 simi·

249 2873 459 2968 litudinem,
492 2890 533 2950 ut
553 2878 659 2951 etiam
688 2879 726 2950 in
755 2878 830 2964 foro
855 2876 982 2951 feudali
1005 2877 1215 2952 Germanico

243 3016 389 3105 receptu
412 3017 506 3077 esset
532 3007 636 3080 Actio
656 3002 986 3101 Emphyteuticar‘ia
1002 3001 1049 3076 ed
1071 3003 1215 3080 feudum
1263 2993 1264 2996 Ἴ

243 3132 413 3204 emissum
425 3129 654 3231 repetendum
666 3131 716 3230 (D
726 3131 738 3202 i
750 3155 768 3202 e
778 3157 798 3204 c
808 3127 847 3218 lr,
861 3128 1215 3221 Let1nrechr‚11.Th.

247 3253 338 3352 Cap.
362 3281 393 3330 t.
418 3255 481 3329 N⁰.
503 3281 533 3329 1.
550 3257 580 3354 §
594 3259 641 3352 40
655 3265 680 3348 )·
712 3257 845 3330 Tamen
863 3255 1109 3330 deficiunthic
1124 3283 1216 3356 quae

245 3377 400 3502 maxime
420 3380 457 3450 in
480 3381 584 3455 {eudo
605 3384 848 3486 requirentem
883 3383 978 3456 nulla
999 3383 1215 3482 promittitur

252 3579 476 3605 m

292 3705 331 3786 (1
345 3703 362 3784 )
381 3703 476 3772 Inetit.
494 3697 528 3760 L.
541 3697 591 3760 111.
606 3699 644 3762 de
661 3697 811 3764 locatione
832 3685 1028 3760 conductione
1045 3693 1071 3780 5.
1086 3699 1115 3760 3.
1147 3697 1216 3760 Lib·

166 3849 170 3856 ·
249 3811 302 3878 tt
322 3815 368 3873 tit.
382 3812 411 3879 3.
430 3811 468 3872 ff.
482 3811 508 3870 ei
523 3829 598 3890 ager
616 3810 787 3892 vectigalis,
807 3809 839 3870 id
860 3820 906 3870 est
933 3811 1217 3888 emphyteuticariue

244 3902 387 4008 ¹petetur.
428 3921 500 3982 Cnd.
521 3919 556 3978 L.
574 3921 624 3982 Ν.
645 3923 690 3982 tit.
707 3919 757 3984 66.
775 3919 815 3982 de
833 3919 907 3982 June
928 3922 1169 4005 Eruphyteutiee.

247 4047 256 4102 ζ
293 4031 369 4116 (2)
391 4030 468 4100 1..3.
488 4029 560 4092 eod.
582 4039 603 4092 t.
619 4031 640 4092 1.
