3114 5126
736 399 927 472 -10..

352 592 437 668 sima
468 595 569 694 Reip.
605 593 779 666 Romanae
817 609 975 696 tempora
1004 596 1180 685 referunt,
1218 597 1305 700 quin

350 721 455 792 etiam
473 750 491 794 a
514 719 660 794 Romulo
676 721 754 818 ipso
771 719 950 796 conditum
968 746 1044 796 esse
1065 736 1211 824 putant,
1236 724 1305 800 sub

350 849 490 920 numine
514 849 607 921 luris
632 850 855 924 Patronatus.

399 971 469 1044 Sed
501 1000 625 1070 magna
653 986 706 1046 est
733 971 928 1044 differentia
953 971 1122 1045 Patronus
1146 973 1238 1048 inter
1266 989 1306 1054 et

348 1095 515 1172 Dominus
545 1097 723 1192 feudales3
758 1095 935 1172 vinculum
961 1109 1165 1196 patronatus
1198 1099 1303 1182 civile

349 1233 486 1296 tantum
510 1237 605 1315 erat,
630 1247 741 1296 nexus
763 1247 845 1297 vero
859 1217 1008 1296 feudalis
1029 1223 1068 1294 in
1085 1223 1218 1322 origiue
1239 1251 1300 1302 sua

347 1348 503 1423 militaris
519 1351 604 1441 luit,
628 1362 747 1450 postea
768 1347 878 1421 civilis
898 1346 1004 1421 etiam
1029 1345 1169 1422 habitus
1188 1352 1300 1448 regio·

347 1473 450 1548 nibus
478 1475 544 1549 illis
571 1477 640 1577 qua
670 1477 736 1549 Jus
759 1472 895 1547 laudale
923 1469 1017 1552 turis
1045 1473 1153 1549 civilis
1183 1473 1303 1552 locum

348 1599 510 1677 obtinuit.
535 1643 586 1666 -
609 1603 652 1674 In
669 1602 778 1674 forma
797 1613 915 1672 tamen
936 1599 1095 1690 externa,
1119 1625 1195 1673 non
1214 1601 1301 1672 adeo

350 1725 529 1800 dissimilia
548 1723 715 1800 videntur
734 1723 821 1796 haec
844 1723 1024 1796 instituta:
1049 1748 1133 1797 nam
1153 1725 1301 1818 Romae,
1361 1817 1365 1824 ²

278 1889 279 1896 κ
350 1851 494 1927 clientes
521 1850 676 1952 patronis
705 1848 943 1923 obedientiam
968 1849 1211 1950 praestabant,
1242 1875 1301 1928 eos

347 1981 474 2078 magui
502 2005 584 2052 cum
601 1975 792 2049 reverentia
811 1971 993 2067 colebant,
1019 1973 1300 2082 adjuvabantqus

347 2107 386 2180 in
414 2104 577 2179 omuibus
604 2079 708 2177 rebus
734 2099 908 2188 uirilibus,
939 2113 975 2173 et
1006 2100 1037 2173 si
1063 2116 1232 2202 patronus
1260 2107 1302 2186 iu

348 2219 587 2331 paupertatem
604 2229 767 2317 cadebat,
793 2225 912 2299 dotem
930 2225 1020 2300 filiae
1043 2231 1121 2327 ejus
1139 2228 1222 2304 dare
1241 2229 1303 2304 de·

347 2355 491 2430 bebaut.
541 2357 596 2428 Ex
618 2353 724 2428 altera
743 2365 843 2452 parte
861 2365 960 2425 eraut
976 2355 1117 2454 patroni
1133 2354 1302 2438 clientum

347 2485 548 2559 defensores
574 2479 767 2574 naturales,
799 2505 990 2580 eurumque
1018 2481 1058 2554 iu
1087 2483 1163 2558 ssro
1192 2488 1300 2564 vitam

347 2621 386 2682 et
407 2611 501 2684 buna
525 2605 726 2684 tuebantur.
1059 2611 1062 2626 ’

395 2723 491 2810 llaec
513 2731 626 2807 officia
640 2746 760 2806 mutua
778 2732 884 2806 etiam
904 2731 1022 2808 buum
1044 2731 1223 2810 habebant
1241 2737 1301 2812 do·

348 2863 483 2938 minum
506 2861 600 2934 inter
622 2871 659 2930 et
682 2858 881 2948 vassallum,
905 2859 969 2933 sed
992 2859 1155 2960 iusuper:

400 2963 644 3063 1⁰.Vassallus
670 2981 777 3056 fidem
803 3007 901 3055 suam
932 2982 1076 3057 domiuo
1093 2989 1298 3084 juranaento
1326 3089 1332 3106 ι
1391 2984 1392 2988 “

243 3155 249 3198 ·‚
346 3111 590 3219 promittebat,
615 3112 717 3210 eique
742 3106 950 3208 inmagium
970 3111 1183 3210 praestabat.

396 3246 448 3316 2⁰.
475 3238 605 3314 Tribus
632 3236 788 3338 exeeptis
812 3232 957 3309 v<ruribus
988 3235 1030 3336 (t
1045 3236 1083 3334 ),
1121 3241 1300 3342 vectigalia

511 3418 515 3428 ι

341 3446 502 3464 m
542 3466 547 3475 1

387 3561 447 3641 (1)
467 3559 512 3622 tt
541 3561 702 3623 Dominum
728 3559 813 3622 bello
838 3569 965 3641 captum
993 3561 1032 3622 ub
1061 3559 1199 3626 hostibus
1217 3567 1300 3630 retli-

348 3671 514 3742 meudum3

368 3829 370 3832 -
388 3784 464 3844 Cum
483 3781 567 3840 filius
595 3787 669 3840 natu
689 3777 785 3858 major
803 3777 918 3839 domini
940 3797 1035 3859 aquea
1054 3780 1152 3846 fastus
1176 3795 1270 3860 esset,

331 3935 353 3970 -.
386 3895 462 3954 Cum
495 3891 560 3950 filia
584 3899 657 3950 satu
683 3889 779 3970 major
806 3889 919 3970 primas
950 3892 1139 3957 contraheret
1172 3898 1299 3978 nuptias.

343 4005 376 4066 F.
397 4003 473 4065 L.Il.
495 4002 556 4063 Tit.
574 3999 603 4062 5.
