3114 5126
132 729 136 740 ¹
235 743 410 820 'eteoclem
432 769 473 816 ex
495 770 595 820 causa
614 752 742 830 inferre
755 773 939 850 possumus
955 773 1037 826 cum
1063 754 1207 832 Schil-

241 859 349 944 iero
372 871 508 970 (instit.
539 871 635 946 feud.
661 901 698 974 p.
718 875 800 970 23.)
821 874 885 946 Jus
911 874 1104 948 Romanum
1131 871 1222 955 nul-¹

241 995 276 1069 lo
295 995 401 1069 modo
428 993 586 1069 adhiberi
605 1024 707 1098 posse
730 998 775 1071 ad
799 997 1066 1075 consuetudines
1086 995 1208 1077 feudo-

240 1120 292 1194 les
326 1117 570 1220 explicandus,
604 1148 687 1194 cum
717 1121 891 1220 principia
925 1119 1051 1219 quibus
1087 1153 1209 1226 super·

239 1257 417 1318 struantur
437 1255 509 1314 toto
528 1245 624 1318 coelo
653 1247 746 1319 inter
772 1269 809 1316 se
837 1241 1025 1323 differant.·
1060 1229 1213 1328 decedit,

238 1382 276 1442 ot
287 1370 405 1468 ipsum
415 1364 603 1440 Librorum
618 1365 816 1446 Feudorurn
828 1367 1063 1441 testimonium
1079 1369 1141 1468 (F.
1155 1375 1202 1449 Π.

236 1491 298 1564 tir..
314 1517 343 1566 1.
368 1495 461 1590 pn).
580 1505 583 1512 '

237 1628 249 1677 r
286 1615 470 1711 »Legum
501 1613 735 1690 Romanarum
764 1639 836 1686 non
867 1614 944 1688 vilis
966 1629 1020 1688 est
1045 1616 1214 1690 euthori-'

237 1769 259 1811 n
277 1751 363 1822 ⁴tos;
399 1735 561 1809 sednon
592 1737 679 1810 adeo
707 1739 791 1809 vim'
814 1763 911 1812 suam
938 1739 1132 1818 extendunt
1159 1755 1200 1816 ut

235 1891 257 1933 n
284 1887 386 1934 usum
407 1859 552 1932 vincant
572 1873 630 1932 ant
648 1860 801 1935 mores.”

115 2021 118 2026 ¹
234 2007 250 2063 .²‹
283 1988 392 2084 Leges
412 2007 499 2084 quae
519 1979 689 2083 populum
709 1998 835 2083 regunt
865 1986 910 2058 ab
923 2005 925 2016 ·
940 1985 1093 2085 Imperio
1116 1984 1197 2058 des·

234 2106 408 2194 cendunt,
445 2131 559 2180 mores
579 2131 660 2178 vero
683 2120 719 2178 et
739 2109 1008 2184 consuetudines
1031 2114 1068 2185 in
1095 2119 1203 2208 gente
1244 2183 1248 2189 .

232 2234 307 2332 ipsa
323 2233 488 2305 existunt.
536 2231 690 2329 Populus
708 2232 823 2332 itaque
845 2222 906 2342 qui
924 2234 1072 2308 alterum
1090 2237 1175 2310 vicit
1182 2293 1196 2344 ,Ι

230 2358 357 2459 quique
384 2357 422 2429 in
447 2352 569 2456 populi
591 2353 675 2425 vieti
698 2353 837 2452 regione
860 2355 1039 2449 consedit,
1067 2360 1196 2456 saepis·

229 2486 316 2557 sime
338 2485 443 2578 hujus
475 2503 588 2556 mores
610 2483 777 2572 assumit,
814 2508 887 2555 uon
915 2480 1016 2561 facile
1045 2507 1128 2556 vero
1154 2508 1192 2556 so

227 2605 348 2708 populi
376 2605 459 2676 victi
481 2601 617 2698 legibus
644 2601 838 2696 submiuiu
876 2616 996 2676 contra
1020 2594 1192 2684 victoruru

226 2743 302 2819 eet,
335 2726 447 2824 legem
466 2726 650 2824 imponere
675 2728 786 2800 victis.
843 2728 934 2800 Cum
953 2725 1057 2822 igitur
1084 2727 1225 2814 feudos

226 2851 271 2926 ab
296 2849 396 2924 initio
420 2849 513 2949 opud
535 2850 680 2947 Imperii
712 2849 861 2924 Romani
889 2849 1039 2928 victores
1064 2845 1189 2948 depre-

166 3004 168 3008 ’
224 2973 526 3063 hendontur,non
538 2972 722 3048 admittere
735 2996 918 3070 possumus
931 2970 1094 3044 barbaras
1106 2978 1190 3069 geu·¹

224 3111 276 3172 tes
293 3098 360 3172 tale
379 3098 579 3170 institutum
592 3123 634 3172 ex
645 3099 801 3178 Romano
818 3094 956 3168 duxisse
967 3095 1066 3168 June.
1090 3097 1188 3174 Haeo

225 3219 269 3292 de
289 3221 387 3293 Italia
410 3221 597 3301 sufficiant.

272 3343 460 3437 Hispania.
492 3345 664 3424 Nonnulli
680 3347 742 3418 Jus
759 3347 799 3426 F.
813 3343 987 3424 deducere
998 3333 1186 3424 voluerunt¹

223 3490 266 3540 ex
285 3467 437 3566 antiquis
465 3465 717 3542 Celtiberorum
739 3469 919 3558 moribus,
944 3495 1029 3568 quos
1055 3469 1185 3548 deseri·

219 3591 656 3691 pseruntPempouius
679 3589 1063 3682 Mela‚Strob0,et
1085 3595 1184 3675 Plu·

218 3713 407 3788 tarehus
440 3717 478 3787 in
509 3714 578 3786 vite
615 3713 780 3804 Sertorii;
817 3711 855 3788 hi
881 3741 997 3789 mores
1028 3719 1100 3792 sere
1134 3717 1185 3797 ii‘-

219 3837 302 3910 dem
333 3851 432 3910 erent
452 3840 513 3938 qui
541 3841 579 3910 in
600 3837 742 3928 Gallia„
761 3837 824 3916 sed
849 3840 945 3913 nullo
969 3840 1076 3918 modo
1105 3827 1182 3928 [ω’.

219 3959 314 4034 dales
334 3959 454 4062 haberi
476 3977 622 4064 possunt
638 3976 676 4038 ut
696 3987 778 4038 mox
795 3962 991 4046 videbimus
1005 3967 1049 4040 de
1067 3970 1180 4049 Gallia

923 4087 949 4170 4
