3114 5126
585 551 776 630 ..ut-4

175 775 214 824 ,e
234 751 464 838 Platone,
488 746 773 842 Thucydide,
799 750 1157 846 Strabone,'Dio·

191 877 300 951 doro
324 889 359 948 ct
382 871 685 970 Xenophonte
707 876 837 964 allatis,
859 879 1042 954 Persarum
1057 909 1156 980 reges

189 1001 365 1076 nobilibus
378 992 579 1081 hominibus
590 1049 599 1080 ,
612 999 798 1088 ministris,
816 1013 884 1075 etc.
905 1001 1009 1098 hujus
1021 1001 1155 1078 illiusve

192 1125 393 1227 provinciae
407 1123 537 1194 fructus
550 1174 560 1207 ,
572 1116 618 1188 ad
631 1121 734 1195 vitam
744 1123 902 1219 dedisse;
916 1125 1003 1224 tales
1019 1128 1153 1200 reditus

191 1271 446 1347 nonnunquam
469 1267 618 1314 munera
641 1241 751 1317 aulica
771 1271 891 1320 secum
920 1248 1095 1339 ferebant,
1120 1263 1155 1324 et

189 1370 395 1446 muneribus
416 1365 637 1454 hereditariis
662 1367 785 1458 lactis,
811 1369 936 1444 horum
958 1376 1155 1471 provincia·

187 1520 269 1566 rum
297 1491 490 1566 dominatio
517 1493 554 1564 in
584 1491 709 1564 iisdem
737 1495 871 1568 mansit
900 1495 1036 1570 familiis
1062 1499 1153 1598 (r).

190 1613 416 1690 Consuetudo
445 1621 560 1718 (quae
589 1617 702 1692 adhuc
722 1620 759 1690 in
781 1615 956 1690 nonnullis
978 1620 1078 1694 Asiae
1098 1645 1152 1692 rev

188 1737 349 1838 gionibus
369 1738 524 1840 obtinet)
549 1740 672 1814 vexilla
689 1740 817 1848 dandi,
843 1746 882 1814 in
902 1743 1151 1818 dominationis

187 1865 341 1964 siguum,
367 1869 436 1968 jam
458 1879 499 1938 ut
518 1866 626 1940 refert
643 1868 834 1953 Arrianus,
859 1863 1046 1940 Alexandri
1065 1882 1155 1941 tem·

188 2013 274 2090 pore
293 1990 419 2064 usitata
441 2007 524 2066 erat.
584 1993 769 2091 Postquam
792 1990 1065 2094 Sacasaliosque
1088 2019 1153 2093 po.

187 2111 289 2212 polos
311 2111 574 2202 debellavisset,
601 2117 661 2216 qui
682 2115 727 2188 ad
749 2116 842 2186 Mare
863 2103 1048 2214 Caspiur'n,
1074 2143 1151 2190 ver·

186 2233 244 2308 sus
267 2234 449 2314 Orientem
471 2239 698 2324 habitabant,
723 2239 919 2340 provincias
942 2239 1035 2310 iuter
1055 2243 1151 2340 Ptin·

187 2357 282 2456 cipes
304 2358 518 2436 nobiliorum
541 2365 698 2461 gentium
718 2364 866 2462 partitus
886 2375 963 2450 est,
989 2361 1093 2462 hique
1115 2367 1150 2440 ei

185 2481 291 2556 fidem
318 2492 573 2582 promiserunt,
608 2489 707 2588 eique
728 2487 875 2587 polliciti
894 2501 976 2559 sunt
1000 2514 1039 2560 se.
1067 2515 1149 2564 cum

69 2640 72 2648 ¹
188 2634 230 2680 eo
248 2623 460 2710 pugnaturos
476 2635 557 2681 cum
582 2625 677 2681 certo
702 2610 853 2682 militum
885 2635 1053 2698 numero,
1078 2638 1148 2709 quo

187 2735 279 2812 facto
306 2736 440 2836 accepit
466 2735 610 2834 quisquc
639 2729 802 2804 vexillum
835 2730 881 2802 ab
915 2736 992 2830 ejus
1016 2759 1148 2825 manu,

184 2895 206 2936 n
235 2865 274 2936 in
303 2857 479 2964 quibus,'¹
513 2857 628 2958 inquit
664 2855 913 2951 Arrianus,
950 2861 1148 2958 »regionis

185 3016 207 3057 n
229 2982 496 3060 consuetudines
521 2992 656 3052 secutus
676 2993 739 3058 est.
752 2977 769 3013 ’³

234 3112 428 3184 Tacitus
452 3119 571 3180 narrat
588 3106 766 3206 principes
789 3105 1044 3185 Germanorum
1062 3133 1149 3208 epu·
1200 3201 1204 3214 1

185 3237 236 3310 les
265 3249 302 3308 et
329 3259 476 3307 munera
498 3258 563 3334 pro
582 3229 768 3330 stipendio
791 3231 975 3304 comitibus
1009 3231 1148 3304 dedisse

186 3363 332 3457 (Germ.
354 3360 454 3453 14.);
479 3357 537 3430 hic
554 3380 629 3428 mos
650 3355 894 3454 antiquissimis
914 3361 986 3458 jam
1007 3369 1149 3456 tempo·

186 3485 284 3562 ribus
308 3485 491 3558 invaluisse
510 3483 665 3570 ridetur,
692 3506 773 3554 cum
799 3479 892 3579 apud
913 3495 1044 3572 vetares
1063 3485 1146 3558 Pen

187 3641 240 3688 sas
252 3614 357 3684 etiam
368 3613 405 3684 in
419 3635 484 3684 usu
499 3610 621 3698 fuerit,
649 3609 735 3680 etin
753 3631 817 3678 usu
829 3587 1011 3697 manserit,
1038 3611 1144 3688 etiam

188 3765 268 3814 cum
295 3743 366 3836 jam
391 3750 564 3810 monetam
600 3759 716 3806 cusam
746 3730 936 3822 habereut,
971 3745 1012 3808 ut
1037 3733 1144 3820 refert

182 3925 388 3946 μ

230 4031 299 4116 (1)
320 3987 540 4114 Xenophon,
561 4030 765 4112 Cynopaedis,
781 4028 857 4096 Vlll.
875 4047 906 4108 p.
923 4027 993 4089 230.

897 4134 923 4210 9
947 4139 964 4177 a
