3114 5126
490 1202 739 1300 curor
794 1202 1172 1316 quaeruut
1278 1147 1282 1157 ⁸

542 1487 723 1544 GERMM
737 1487 799 1538 ,EX
820 1486 910 1538 ΔΒῙΔ
933 1487 1114 1538 ORIUNDI·

353 1769 406 1888 St
430 1785 581 1890 Taciti
605 1816 815 1894 sententiam
833 1813 878 1888 de
897 1816 1148 1892 Germanorum
1159 1819 1312 1918 Origine

355 1943 611 2042 reciperemus,
637 1968 709 2015 non
730 1967 868 2022 necesse
891 1958 980 2018 esset
1004 1959 1044 2018 ut
1063 1945 1150 2045 juris
1168 1944 1315 2020 feudalis

354 2069 486 2170 longius
510 2094 750 2170 quaereremus
773 2071 936 2170 uestigia,
960 2071 1024 2144 sed
1043 2097 1123 2144 cum
1141 2070 1245 2144 liceat
1265 2069 1312 2142 eb

221 2203 227 2210 '
355 2220 397 2268 eo
413 2196 612 2284 dissentire,
632 2195 824 2268 arbitrante
849 2197 1119 2295 (Germ..cap.2
1140 2196 1313 2294 )Germa·

354 2323 433 2396 niae
453 2321 579 2394 incolas
600 2320 650 2392 ibi
669 2319 831 2400 arborum
852 2320 956 2392 modo
974 2335 1012 2392 et
1030 2319 1215 2392 herbarum
1237 2320 1316 2394 solo

355 2447 465 2522 editos
487 2471 561 2518 esse
585 2447 676 2544 (r),
711 2468 834 2544 operae
856 2445 1007 2544 pretium
1033 2458 1085 2518 est
1103 2444 1314 2544 investigare

355 2571 401 2647 ad
426 2595 612 2672 quemnam
641 2595 684 2645 ex
706 2570 951 2671 antiquissimis
976 2569 1071 2646 orbis
1095 2571 1234 2672 populis
1258 2595 1316 2646 re.

355 2698 438 2772 terri
460 2695 587 2770 debeat
608 2697 706 2794 origo
740 2696 895 2794 gentium
930 2695 1237 2786 Germanicarum,
1275 2709 1311 2768 et

343 2837 475 2904 Nutrum
497 2822 674 2920 regiminis
695 2821 806 2894 forma
827 2819 934 2922 qualis
954 2819 1050 2920 apud
1070 2845 1127 2894 eos
1139 2821 1312 2910 obtinuit,

358 2948 461 3020 etiam
485 2945 578 3045 apud
596 2959 777 3046 parentem
794 2957 955 3040 gentem,
980 2949 1077 3044 cujus
1098 2943 1236 3018 sedibus
1257 2969 1312 3018 re·
1365 3035 1366 3039 Ἰ

358 3071 448 3154 lictis
470 3072 725 3167 migraverunt,
751 3081 845 3139 extet
865 3067 919 3140 vel
939 3095 1092 3168 unquam
1113 3070 1275 3144 extiterit.

405 3196 520 3294 Hujus
540 3194 789 3294 disquisitionis
811 3189 990 3264 difficultas
1007 3194 1116 3266 multo
1133 3197 1243 3292 major
1258 3207 1312 3270 est

260 3341 265 3352 ·
357 3349 462 3424 quarn
482 3319 781 3421 praecedentium,
806 3317 865 3391 hio
888 3317 1013 3392 desunt
1028 3322 1168 3392 omnino
1185 3346 1310 3395 monu-

323 3526 325 3532 ,
358 3462 476 3522 menta
494 3447 712 3541 authentica,
737 3459 773 3523 et
791 3446 908 3526 omnia
925 3449 1132 3550 conjecturis
1156 3458 1192 3518 et
1214 3446 1312 3520 theo·

354 3651 572 3669 *nn-u-

400 3769 469 3850 (t)
498 3771 672 3845 Gibbon,
691 3772 748 3854 Op.
762 3773 783 3832 l.
801 3769 869 3832 Vol.
888 3768 912 3828 Ι.
936 3785 963 3826 o.
982 3763 1012 3829 9.
1035 3787 1066 3848 p·
1082 3767 1151 3832 349.
1180 3769 1311 3834 Taoiti

359 3879 550 3960 amplectitur
565 3883 752 3960 sententiam,
771 3881 992 3957 Germanosque
1011 3897 1047 3940 ex
1065 3877 1314 3961 Hercyniusylru

359 3985 529 4066 aborigines
544 3986 704 4058 existimat!
876 3985 881 3998 '
