3114 5126
509 546 785 672 ·.Lu:..

202 822 327 897 magna
345 785 461 872 existit
479 783 670 870 similitudo
686 797 777 872 inter
791 796 854 872 bas
872 793 1036 890 familiam
1054 788 1157 900 prae·
1258 803 1260 812 '

114 921 116 925 ’
206 927 309 1026 cipue
330 927 367 998 in
388 924 565 1024 Religione
584 936 620 996 et
635 899 802 997 moribus.
852 925 1018 1016 Quamvis
1035 924 1164 1000 Roma-⁸
1229 911 1230 916 ¹

108 1028 111 1034 Ι
205 1053 243 1126 ni
266 1065 302 1124 et
324 1051 445 1124 Graeci
469 1077 559 1122 suos·
574 1052 665 1121 Deos
692 1048 785 1148 apud
808 1075 929 1123 omnes
950 1051 1098 1152 populos
1119 1078 1166 1126 se*

207 1177 380 1249 invenisse
411 1174 642 1264 crediderint,
675 1189 710 1246 ot
739 1201 878 1247 suorum
905 1179 1045 1250 nornine
1071 1179 1163 1252 Deis·

206 1299 371 1400 dederint
393 1301 541 1373 multum
564 1300 728 1389 diversis,
758 1299 953 1398 agentibus
972 1330 1057 1402 quas
1075 1303 1159 1378 bar-r

207 1427 312 1502 baras
337 1427 504 1506 vocabant
525 1425 627 1500 cultis
639 1480 657 1516 ‚.
675 1426 800 1500 adsunt
821 1427 996 1498 tamenin
1016 1431 1153 1530 seriptis
1187 1448 1189 1452 ’

209 1553 420 1628 Graecorum
454 1565 491 1624 et
525 1555 759 1626 Romanorum
799 1551 908 1625 multa
947 1553 1046 1626 acute
1083 1557 1162 1630 ani··

206 1678 410 1768 madversa,
430 1691 476 1784 et
501 1677 629 1751 diserte
652 1679 782 1777 scripta
804 1676 928 1778 quibus
949 1679 1017 1778 ipsi
1041 1705 1078 1752 se
1101 1707 1155 1756 re-

186 1805 342 1895 ¹futant,
378 1828 479 1892 cum,
506 1827 539 1881 v.
565 1829 597 1900 g.
623 1803 809 1874 Germanis
839 1802 1000 1876 tribuunt
1031 1805 1152 1878 Casto·
1201 1840 1205 1848 ·

208 1931 259 2004 ris
283 1944 320 2003 ot
340 1927 497 2021 Pollicis4
521 1928 577 2003 vel
600 1929 765 2000 Mercurii
788 1927 937 2014 cultum,
964 1941 1001 2001 et
1028 1931 1161 2032 quibus

208 2055 375 2130 docemur
398 2079 514 2128 veram
539 2057 796 2128 Germanorum
820 2053 1033 2152 religionem.

257 2179 347 2254 Cum
364 2207 438 2254 non
459 2179 547 2252 mihi
567 2180 781 2280 propositum
799 2180 844 2252 sit
863 2161 1162 2280 archaeologic'am

209 2305 359 2381 scribere
382 2306 685 2396 dissertationem,
720 2329 791 2377 non
823 2305 931 2380 multa
968 2304 1082 2380 dicam
1113 2309 1159 2382 do
1258 2379 1260 2384 ,
1345 2289 1350 2306 ’

209 2431 277 2505 hae
311 2433 456 2506 materia
490 2456 593 2531 quam
622 2435 692 2530 jam
720 2441 773 2501 tot
801 2429 895 2502 docti
926 2443 1160 2507 tractaverunt

161 2625 163 2630 .
208 2557 290 2646 viri3
304 2548 447 2627 unicum
466 2567 601 2627 tantum
616 2547 730 2628 Taciti
747 2551 890 2632 afferam
904 2559 1160 2652 testimonium,

211 2679 308 2783 quod
329 2704 406 2753 rem
430 2679 590 2752 conticit:
953 2783 958 2794 ι

262 2835 284 2876 »
312 2805 477 2878 Ceterum
492 2827 558 2876 nee
580 2800 744 2877 cohibere
761 2796 952 2906 parietibus
971 2805 1074 2901 deos,
1096 2833 1159 2882 ne.

211 2962 234 3004 u
260 2956 329 3032 que
351 2931 390 3002 in
413 2927 519 3004 ullam
540 2928 773 3004 humanioris
794 2932 945 3030 speeiem
965 2957 1007 3006 ex
1033 2936 1162 3032 magnia

211 3089 235 3136 o
262 3057 385 3131 tudine
407 3053 610 3130 coelestium
634 3053 857 3132 arbitrantur.
904 3059 1018 3132 Lucos
1039 3085 1079 3132 ac
1097 3087 1162 3132 ne·
1190 3095 1192 3103 .

209 3213 236 3254 u
260 3211 357 3258 mora
377 3194 605 3274 consecrant,
635 3179 853 3284 deorumque
877 3161 1076 3257 nominibus
1098 3211 1162 3284 ap*

205 3337 237 3402 Au
263 3307 394 3408 pellant
411 3321 581 3382 secretum
597 3306 689 3380 illud
704 3307 797 3410 quod
818 3308 888 3381 sola
903 3293 1096 3384 reverentia
1115 3309 1164 3382 ri·

209 3422 236 3510 ¹u
263 3429 389 3510 dent.’'
426 3433 541 3504 Germ.
567 3431 665 3534 Cap.
680 3457 715 3531 9.
745 3465 797 3490 a·
828 3432 952 3506 Verbis
985 3447 1160 3508 secretum

212 3560 322 3649 illud,
345 3569 381 3631 et
398 3580 471 3628 non
485 3569 616 3630 secreta
636 3557 717 3648 itta,
741 3555 879 3631 videtur
899 3555 1054 3632 indicare
1084 3559 1162 3634 Ta·

215 3687 356 3776 citus,
379 3709 437 3756 eos
452 3683 593 3756 unicum
613 3682 754 3756 adorare
770 3682 911 3757 Numen
932 3684 1159 3786 Supremumr

144 3871 148 3878 .
211 3823 255 3886 ot
275 3808 347 3882 aliis
366 3807 491 3908 probat
508 3808 674 3908 exemplis
689 3807 743 3881 Cl.
768 3807 997 3899 Gebauor,
1021 3809 1060 3882 in
1081 3811 1160 3884 Dis·

135 3921 138 3926 ’
214 3933 457 4012 sedationibus
483 3931 529 4007 de
558 3931 694 4014 Veteris
720 3933 743 4009 J
746 3933 816 4008 uris
840 3935 1040 4014 Germanioi
1070 3936 1159 4038 frag:

215 4061 354 4137 mentio.
777 4057 783 4070 ’
1083 4081 1084 4086 ’
