3114 5126
765 477 939 562 vlt-e

369 671 417 759 ris
437 675 644 767 auctoritas,
675 677 803 777 partim
827 677 865 749 in
887 677 1121 778 promovenda
1141 675 1337 757 humaniue

368 811 430 890 te,
454 803 580 900 partim
606 804 643 876 in
666 827 705 876 ea
727 801 974 908 impedienda3
1001 819 1038 876 et
1059 805 1160 878 sicuti
1178 805 1334 886 studium
1438 821 1440 824 ’

370 922 532 1014 historiae
553 930 724 1006 Romanae
744 945 780 1008 et
799 930 961 1004 historiae
983 929 1079 1004 Juris
1096 929 1255 1012 Romani,
1268 930 1336 1004 sibi

371 1047 522 1138 ipvioem
542 1079 708 1152 maguum
734 1058 851 1146 ferunt
871 1053 1055 1145 auxilium,
1086 1081 1206 1156 neque
1227 1055 1338 1132 altera

372 1173 465 1264 bene
486 1176 636 1278 intelligi
663 1181 791 1281 possit,
824 1183 854 1254 si
872 1179 979 1278 altera
999 1180 1102 1281 plane
1123 1179 1339 1280 negligatur,

375 1305 427 1378 sic
440 1305 543 1386 etiarn
560 1305 590 1378 si
601 1304 704 1406 paulo
723 1305 891 1388 intensius
904 1305 1081 1390 historiam
1097 1305 1259 1404 Europae
1275 1302 1339 1406 per

372 1430 422 1523 X.
434 1427 555 1511 ultima
571 1429 691 1510 secula·
700 1431 908 1530 investigare
927 1429 1107 1522 volumus,
1134 1455 1275 1504 necesse
1287 1445 1342 1506 est

375 1571 416 1646 ut
438 1558 484 1632 ad
506 1557 601 1630 hunc
620 1555 882 1658 exsequendum
902 1559 1030 1646 finem,
1058 1561 1112 1654 jus
1132 1557 1240 1631 hocce
1265 1581 1342 1656 cog·

373 1686 490 1778 pitum
517 1657 727 1774 habeamus,
751 1682 849 1784 quod
874 1682 1015 1782 populis
1035 1683 1227 1780 Europaeis
1247 1709 1343 1756 come

375 1836 485 1885 mune
508 1822 604 1898 erat,
629 1821 665 1881 et
683 1805 778 1908 quod
795 1821 832 1879 et
855 1807 948 1900 Juris
966 1807 1103 1898 Civilis,
1130 1819 1166 1888 et
1183 1807 1342 1904 Publici,
1460 1797 1461 1800 ¹

375 1951 413 2028 et
434 1935 634 2029 Criminalis
653 1935 767 2010 vicem
781 1922 942 2017 tenebatss
1250 2035 1253 2042 Ι

426 2065 507 2140 lton
535 2089 621 2136 sana
645 2075 699 2148 est
720 2061 824 2159 igitur
847 2058 930 2139 baec
952 2083 1019 2136 nee
1045 2059 1178 2138 inutilis
1202 2065 1342 2168 inquisi-¹

377 2193 429 2280 tio
452 2191 489 2264 in
510 2191 688 2268 historiam
709 2189 947 2285 originemque
967 2187 1050 2281 juris
1070 2189 1164 2286 quod
1184 2217 1256 2266 non
1274 2218 1344 2266 am.

379 2317 473 2422 plius
496 2329 588 2390 extat
609 2314 749 2416 (paucis
769 2311 921 2410 exceptis
934 2311 1160 2408 regionibus)
1185 2319 1345 2416 quamvis

249 2505 251 2508 .
378 2442 448 2534 hoo
469 2443 711 2538 argumentum
734 2437 849 2534 primo
875 2437 1003 2510 intuitu
1025 2439 1143 2512 minus
1172 2465 1253 2514 cum
1280 2442 1344 2516 bo-n

380 2559 504 2644 dierno
523 2563 597 2658 jure
621 2558 784 2657 conjungi
803 2583 903 2658 posse
919 2559 1090 2634 videatur.

394 2735 400 2748 .
429 2683 495 2756 His
522 2695 636 2756 motus
662 2677 855 2753 rationibus
881 2693 916 2751 et
944 2685 1159 2784 perspiciens
1185 2683 1255 2759 hoc
1276 2697 1347 2758 stu-

352 2798 496 2884 dium·
512 2805 599 2885 mibi
630 2803 736 2878 simul
765 2803 852 2878 utile
878 2819 915 2878 et
939 2810 1135 2907 jucundum
1165 2811 1344 2911 futurum,
1423 2807 1426 2815 ’

379 2929 472 3006 mihi
485 2931 699 3032 propositum
720 2929 890 3003 habebam
901 2989 909 3022 ,
919 2936 1053 3034 primo,
1067 2933 1345 3036 disquisitionem
1438 3031 1440 3034 ι

381 3056 567 3130 instituere
590 3056 636 3138 de
663 3057 749 3160 juris
771 3055 913 3130 feudalis
929 3043 1086 3170 origine}
1121 3057 1204 3128 dein
1234 3057 1347 3130 inves-

379 3182 490 3278 tigare
516 3175 711 3284 quomodo,
744 3194 779 3272 et
798 3180 924 3289 quibus
944 3179 1161 3286 temporibus
1183 3182 1222 3252 in
1240 3207 1346 3268 usum

380 3306 521 3380 venerit
540 3303 638 3405 apud
658 3308 767 3379 varias
784 3303 915 3380 Gentes
930 3309 1147 3408 Europaeos,
1173 3307 1350 3408 quomodo

381 3443 616 3532 temperatum
633 3430 747 3521 suerit
777 3431 894 3520 indole
916 3435 1090 3514 variorum
1115 3430 1349 3531 populorum;

381 3581 493 3657 quare
509 3553 604 3656 apud
624 3555 813 3642 nonnullos
837 3557 898 3636 diu
920 3558 1126 3646 obtinuerit,
1152 3581 1232 3628 eum
1255 3555 1350 3654 apud

384 3681 472 3769 alios
499 3681 611 3756 multo
635 3679 737 3752 eitius
760 3679 796 3751 in
820 3679 1084 3756 desuetudinem
1108 3680 1241 3754 abierit.
1278 3680 1353 3764 Deq
1401 3674 1403 3678 ’
1452 3725 1454 3729 -

388 3809 499 3907 nique
523 3806 698 3909 inquirere
721 3803 877 3879 volebam
901 3810 937 3892 in
959 3805 1104 3896 effectus
1123 3805 1227 3900 hujus
1245 3815 1352 3900 systes

388 3935 493 4028 mutis
514 3909 615 4056 apud
635 3932 780 4055 populos
809 3935 871 4054 qui
900 3930 938 4005 id
964 3945 1197 4050 receperunt,
1227 3916 1273 4016 et
1288 3925 1353 4018 dt·-

1375 4191 1390 4240 's
