3114 5126
777 499 996 576 '-68...

422 687 688 802 Herodotus
711 696 742 790 (ι
759 697 797 796 );
822 711 1076 785 retusauctor,
1099 695 1388 788 Heraclides

420 830 627 922 cumensis,
663 851 767 930 quem
790 824 907 898 laudat
938 825 1195 901 Athenaeus
1230 827 1295 924 (L.
1320 825 1388 904 lv.

420 974 457 1050 p.
484 953 602 1050 ub),
638 954 762 1055 probat
783 955 821 1026 in
845 951 963 1024 Persia
982 953 1087 1024 moris
1109 949 1231 1040 fuisse,
1254 949 1390 1035 milites

422 1078 483 1178 qui
511 1081 682 1178 praesidio
712 1081 794 1178 Regi
818 1077 871 1150 vel
894 1077 975 1152 duci
997 1091 1098 1168 sunt,
1135 1100 1288 1152 annonas
1316 1101 1388 1175 pro

419 1189 598 1306 stipendio
624 1208 801 1306 accipere,
832 1203 999 1302 (Graecis
1030 1181 1111 1274 vero
1137 1203 1290 1300 pecunia
1322 1202 1388 1276 sti-

420 1329 592 1430 pendium
618 1331 859 1428 solvebatur),
887 1341 923 1400 et
945 1351 1019 1400 rem
1041 1327 1170 1426 pariter
1197 1351 1234 1400 se
1253 1326 1387 1403 habere

411 1457 516 1554 'apud
540 1459 650 1556 Regni
678 1459 878 1557 Principes,
903 1467 939 1528 et
958 1452 1221 1540 Provinciarum
1241 1453 1294 1528 rel
1313 1453 1390 1550 Ur-

419 1575 517 1652 bium
541 1587 729 1681 praefectos
752 1585 835 1681 (2).
1377 1633 1382 1640 .

468 1705 646 1780 Heeren
681 1705 882 1792 contendit,
922 1704 1079 1803 (idean,
1106 1705 1138 1778 Ι.
1166 1703 1281 1805 489.)
1307 1705 1387 1780 -hoo

420 1825 607 1902 Persarum
630 1832 784 1930 regimen
807 1827 1027 1918 excelluisse,
1066 1829 1160 1930 quod
1184 1845 1388 1914 tentanum

422 1953 561 2041 civilem
575 1985 594 2028 a
606 1959 745 2032 militari
755 1951 1090 2032 administrationem
1106 1955 1389 2066 distinguebant,

422 2093 459 2152 et
483 2079 592 2178 abusu
619 2095 753 2157 tantum
777 2083 1000 2183 exceptiones
1018 2083 1100 2175 hnic
1122 2083 1189 2180 legi
1211 2097 1308 2154 natas
1328 2109 1388 2154 es·

422 2229 482 2297 se;
506 2208 568 2280 sed
586 2234 674 2308 quae
694 2213 767 2310 ipse
781 2211 886 2284 refert
905 2185 1141 2306 exceptiones,
1168 2221 1280 2282 tantae
1298 2219 1383 2300 sunt

422 2355 571 2404 nurnero
593 2347 629 2405 et
650 2326 889 2431 magnitudine
915 2345 953 2402 ut
972 2333 1147 2432 ipsae‘pro
1166 2329 1292 2426 regulis
1319 2329 1384 2412 ha·

422 2453 499 2558 beri
522 2459 657 2558 possint
676 2471 712 2530 et
730 2455 824 2556 quod
847 2453 893 2526 ad
914 2477 1032 2543 earum
1055 2453 1178 2524 attinet
1198 2455 1385 2554 antiquita·

421 2591 513 2670 tem,
551 2588 621 2684 jam
650 2583 800 2681 antiquis
834 2579 1054 2676 (secundum
1084 2569 1411 2682 Herodorum)

424 2707 609 2791 Persarum
637 2706 886 2804 dominationis
910 2702 1125 2802 temporibus
1151 2705 1403 2800 exstiterunt,

425 2857 535 2930 quarn
557 2833 668 2930 Cyrus
693 2833 769 2932 ipse
787 2833 922 2931 primus
942 2830 1035 2902 feudi
1060 2829 1212 2934 speciem
1232 2830 1304 2914 filio
1321 2857 1383 2934 suo

422 2969 509 3032 natu
530 2958 676 3030 minimo
700 2955 860 3048 dederit,
894 2983 1000 3056 quem
1023 2956 1153 3030 Ctesias
1188 2957 1223 3026 Τ
1219 2979 1385 3058 anyoeer·

423 3097 519 3172 tam,
554 3081 817 3183 Herodotus
841 3107 926 3178 vero
949 3081 1119 3154 Smerdim
1143 3093 1255 3177 vocat.
1315 3081 1384 3170 Ac·¹

426 3210 522 3309 cepit
544 3207 603 3282 ille
622 3207 859 3304 Bactrianam,
884 3205 1079 3312 vicinasque
1100 3189 1277 3300 regiones,
1301 3231 1382 3305 quo·

425 3359 504 3408 rum
520 3333 715 3410 dominium
739 3347 858 3406 tamen
880 3353 1080 3430 supremum
1099 3355 1208 3426 penes
1230 3331 1382 3436 Cambge
1477 3325 1483 3336 '

425 3487 500 3553 sem
525 3460 706 3550 manebat,
740 3460 797 3558 cui
828 3471 948 3566 tamen
979 3441 1119 3564 {milui}
1143 3454 1302 3562 Smerdis
1325 3457 1382 3563 trip

422 3583 544 3658 butum
570 3587 727 3690 solveret.
799 3605 803 3612 '
875 3559 879 3570 ⁵
1218 3568 1223 3578 i

421 3787 610 3808 ““““····““·
1286 3799 1306 3838 1

466 3913 544 3992 (t)
566 3909 801 3994 Herodotus,
816 3857 855 3968 'In
873 3905 924 3973 nt
944 3925 970 3970 e·
990 3903 1040 3996 30.

352 4057 353 4060 ¹
468 4023 543 4104 (2)
564 4017 732 4097 Haeren,
750 4022 772 4080 1.
789 4017 862 4114 458,
