3114 5126
767 531 963 608 ..16-

371 725 486 806 'cerba
499 787 509 822 ‚
524 735 620 832 'quae
647 729 686 805 in
713 732 789 832 jure
815 728 943 804 feudali
963 739 1149 802 occurnrnt
1172 736 1346 806 consumi·

382 855 554 956 explicere
576 853 593 949 (
609 856 663 954 ι).

428 979 531 1052 Libri
554 977 752 1068 Feudorum
773 974 863 1050 nihil
885 973 1010 1050 dicunt
1034 974 1079 1050 dc
1100 988 1258 1075 tempore
1275 984 1344 1048 nec

382 1098 429 1173 de
448 1100 553 1174 modo
575 1127 644 1199 quo
667 1104 722 1200 jus
747 1099 882 1174 feudale
904 1101 940 1172 in
962 1125 1064 1173 usum
1081 1101 1216 1173 venerit
1233 1112 1270 1171 et
1288 1111 1343 1171 tc·

382 1236 454 1298 um
479 1223 663 1304 feudorum
685 1222 868 1298 historiam
885 1223 942 1298 his
964 1225 1084 1326 paucis
1102 1221 1244 1295 trudunt
1265 1245 1347 1294 ver·

380 1345 459 1424 bis:
484 1349 550 1447 (F.
573 1351 616 1423 L.
632 1348 664 1422 1.
689 1345 762 1420 Tit.
786 1345 844 1442 ι.)
874 1378 896 1419 n
922 1347 1172 1448 Antiquissimc
1188 1358 1348 1446 tempore

381 1502 405 1545 n
430 1475 566 1548 eiceret
581 1475 620 1546 in
639 1449 858 1545 dominorum
877 1485 1047 1574 potestate
1063 1496 1258 1550 connexum
1267 1527 1279 1582 ¹,
1304 1482 1347 1544 ut

382 1631 406 1676 rr
431 1597 572 1700 quondo
588 1592 736 1685 velient,
761 1585 904 1694 possent
916 1601 1050 1674 auferre
1060 1599 1184 1673 remin
1202 1596 1348 1672 feudum

244 1766 249 1777 ·
383 1716 666 1794 resedatum.
725 1717 851 1790 Postea
873 1745 915 1792 eo
937 1734 1080 1794 ventum
1108 1733 1186 1812 est,
1218 1734 1259 1793 ut
1285 1745 1349 1821 per

272 1855 277 1874 “
385 1872 409 1916 n
434 1867 566 1918 sunum
589 1852 726 1916 tentum
746 1840 948 1916 firmitatem
970 1843 1153 1918 haberent.
1210 1843 1350 1920 Deinde

385 1997 408 2042 rr
425 1977 601 2040 statutum
622 1977 676 2038 est
699 1978 739 2038 ut
760 1991 870 2066 usque
893 1968 940 2043 ud
963 1969 1067 2044 vitem
1088 1966 1200 2044 fidelis
1220 1969 1349 2070 produ·

386 2120 410 2164 n
435 2102 584 2166 seretur.
650 2089 721 2165 Sed
743 2118 825 2166 cnm
852 2091 922 2168 hoc
945 2096 1022 2193 jure
1051 2095 1277 2167 successionis
1301 2091 1349 2192 ed

386 2245 410 2289 n
435 2215 617 2316 filiosuou
639 2218 853 2316 pertineret,
890 2219 943 2292 sic
966 2244 1187 2320 progressum
1204 2230 1281 2310 est,
1307 2231 1349 2293 ut

388 2367 412 2414 ιι
439 2339 486 2413 ad
506 2338 598 2414 filios
619 2337 814 2432 deveniret3
839 2341 877 2413 in
901 2365 1008 2440 quem
1027 2342 1159 2416 scilicet
1183 2341 1349 2416 dominus

388 2491 411 2536 >2
437 2461 506 2536 hoc
525 2439 634 2538 uellet
653 2460 862 2538 beneficium
886 2463 1103 2542 confirmare.
1161 2469 1266 2562 Quod
1289 2467 1353 2542 ho·

301 2683 305 2694 ¹
389 2618 412 2662 n
440 2585 498 2660 die
519 2587 570 2661 ito
589 2583 779 2660 stabilitum
804 2600 858 2662 est
884 2601 924 2664 ut
950 2588 997 2664 ed
1020 2615 1140 2667 omnes
1161 2591 1353 2694 aequaliter

390 2742 414 2788 n
440 2705 598 2786 venian*

439 2831 537 2906 Haec
557 2831 715 2910 doctrina
732 2851 872 2939 recepta
893 2841 960 2914 firit
987 2869 1008 2915 a
1035 2838 1193 2942 pluribus
1223 2837 1354 2914 doctis·

392 2955 489 3032 umis
521 2956 766 3056 scriptoribus,
801 2961 976 3061 (Muhly
1010 2964 1109 3061 (ι),
1148 2962 1374 3062 Μοιιιει·Ι

393 3079 531 3182 quieu
555 3078 651 3180 (3),
684 3079 952 3158 Rcbertson
972 3079 1094 3184 (4)),
1128 3089 1274 3164 summis
1297 3089 1357 3166 vi·

349 3331 353 3340 .
393 3303 569 3328 m

437 3462 479 3542 (t
492 3453 512 3529 )
530 3455 616 3522 eone
635 3477 682 3522 ex.
699 3477 747 3540 gr.
765 3458 799 3522 1².
818 3459 903 3526 ult
921 3467 967 3534 tit
984 3472 1039 3547 10,
1071 3493 1088 3528 ι
1105 3469 1225 3532 Dicitur
1242 3473 1355 3530 ἰιιιιιιι

396 3587 413 3622 ι
425 3566 578 3645 marchia,
592 3570 665 3650 quin
681 3571 821 3650 marche,
840 3583 925 3636 utet
939 3576 1105 3659 plurimum
1112 3579 1198 3654 iuxta
1211 3593 1294 3640 merc
1310 3572 1355 3635 tii·

389 3693 413 3752 ,ι
426 3669 555 3750 posite,”
571 3683 628 3738 etc.
644 3683 702 3737 etc.
815 3754 817 3766 ,

437 3774 510 3858 (2)
529 3779 662 3842 Histoire
681 3783 720 3846 de
738 3784 865 3850 Franco.

442 3885 516 3966 (3)
533 3888 700 3970 Eeprittior¹
713 3888 800 3970 Loix,
820 3895 854 3956 L.
868 3891 963 3960 XXX.
981 3919 1009 3962 c.
1025 3899 1075 3964 16.

440 3993 488 4074 (ι
496 3995 517 4078 )
537 3998 740 4063 urrunnun
754 4007 787 4065 o
800 4003 853 4066 us
870 4004 991 4093 ιιιωη
1009 3989 1249 4076 nenorosus
1260 4005 1358 4074 thlht
