3114 5126
682 472 856 548 ...9-

289 672 407 780 quoad
424 687 564 775 tempus
583 629 624 744 et
639 683 817 746 auctorem
833 671 942 775 hujus
962 671 1112 751 instituti
1125 701 1138 769 3·
1161 673 1199 752 hi
1223 695 1244 754 t

287 801 413 902 primis
434 797 545 874 Urbis
569 799 695 872 Romae
728 795 910 871 cunabulis
937 802 990 900 jus
1016 801 1150 876 feudale
1182 803 1246 878 de·

283 924 448 1017 ducunt,
472 924 547 1013 illi,
571 923 641 996 hoc
661 924 780 998 minus
800 922 868 996 alte
889 941 1079 1023 quaerunt,
1104 913 1161 1001 alii
1183 929 1248 1001 de·

143 1091 145 1098 ·
287 1047 464 1136 scendunt
480 1073 589 1150 usqne
609 1046 654 1121 nd
673 1061 812 1148 tempus
827 1048 1082 1152 Imperatorum
1098 1049 1248 1128 Graeco·

143 1165 145 1170 ¹
286 1200 368 1256 mm
386 1175 449 1279 qui
467 1173 768 1276 Constantinopoli
787 1168 1036 1274 regnaverunt.

360 1299 433 1376 Alii
483 1301 667 1402 scriptores
725 1297 959 1374 differentiam
1019 1313 1245 1400 agnoscentes

287 1425 542 1530 principiorum
573 1423 700 1527 quibus
739 1435 781 1498 ut
825 1420 1056 1500 fundamento
1085 1429 1246 1505 nituntur

287 1553 355 1626 Ius
386 1551 581 1626 Romanum
606 1559 644 1624 et
679 1549 703 1624 J
706 1575 746 1623 us
770 1544 909 1622 feudale
938 1547 1041 1626 elium
1068 1553 1248 1654 quaesive-

288 1688 375 1751 runt
391 1675 564 1774 originem
582 1687 654 1748 ete
674 1670 846 1750 veteribus
861 1671 1028 1754 Gentium
1047 1675 1246 1786 Europaeo.
1370 1717 1373 1724 .

217 1879 219 1883 ,
286 1827 367 1878 rum
403 1797 716 1876 consuetudinibus
754 1795 928 1872 deducere
960 1798 1169 1902 voluerunt3
1206 1816 1243 1878 at

287 1927 353 2004 hos
371 1929 463 2002 inter
485 1938 537 2000 tot
557 1925 629 1998 fere
649 1936 734 1998 sunt
751 1923 942 2002 sententiae
970 1939 1056 2028 quot
1077 1939 1161 2004 sunt
1176 1952 1243 2029 po·

287 2053 380 2156 puli,
405 2049 468 2128 sed
501 2049 643 2154 plurimi
675 2049 908 2127 Germaniam
930 2064 1121 2150 agnoscunt
1146 2051 1243 2130 Juris

284 2177 448 2258 Feudelis
466 2188 665 2282 parentem
681 2176 769 2278 quin
782 2188 818 2248 et
837 2174 877 2248 hi
894 2176 1000 2250 etiam
1011 2174 1240 2272 dissenu'unt,

284 2303 445 2384 nonnulli
465 2303 648 2406 opinantes
668 2301 903 2402 imperatores
922 2303 1146 2386 Germanicos
1168 2302 1244 2386 hoc¹
1313 2363 1316 2370 ,

283 2433 349 2509 tus
381 2432 420 2506 in
444 2455 548 2508 usum
582 2424 833 2518 introduxisse,
858 2425 917 2502 alii
952 2425 1016 2525 (ut
1044 2427 1244 2508 Montes·
1302 2471 1312 2492 ·

286 2557 444 2658 quien)
471 2567 593 2626 natum
619 2553 725 2626 fuisse
748 2549 845 2653 apud
867 2563 1004 2628 veteres
1025 2553 1239 2648 Germanos,

286 2680 346 2756 ulii
365 2681 427 2780 (ut
453 2675 634 2752 Gibbon
670 2689 706 2748 et
739 2676 939 2778 Hallam)
965 2689 1081 2752 ortum
1100 2703 1177 2754 esse
1195 2704 1240 2764 cx

284 2803 435 2886 victoriis
457 2803 673 2882 Francorum
696 2811 734 2879 et
753 2801 871 2908 primo
897 2801 936 2884 in
962 2781 1075 2884 Gallie
1099 2801 1241 2888 devicit

285 2931 488 3009 obtinuisse.

341 3055 534 3132 Videamus
573 3049 679 3150 igitur
716 3053 922 3159 sententias·
937 3053 1167 3158 quorumdam
1202 3069 1240 3139 et

284 3183 520 3273 excutiamus,
549 3189 592 3257 ut
630 3175 760 3259 scietur
805 3191 923 3260 utrum
959 3177 1240 3283 comprobandae

286 3309 360 3389 sint
389 3334 434 3382 an
457 3330 544 3381 non.

332 3431 406 3534 (ι)
428 3429 600 3507 Nonnulli
618 3432 820 3511 institutum
840 3426 976 3512 teudate
997 3429 1043 3511 ed
1068 3431 1236 3544 antiquis-

286 3629 436 3655 Μ

323 3750 488 3831 (miloni.
515 3753 626 3836 Grnig
654 3749 694 3820 do
721 3747 833 3818 Fendls
862 3747 896 3816 L.
912 3748 938 3816 1.
964 3753 995 3814 d.
1014 3749 1043 3816 5.
1091 3754 1231 3820 Selden

282 3857 376 3922 litlot
392 3861 429 3922 ol
446 3861 568 3926 Honour
595 3865 627 3926 P.
646 3866 683 3926 11.
709 3885 737 3928 o.
754 3873 783 3928 1.
810 3863 896 3948 523.
936 3863 1101 3946 Bssnogo
1123 3867 1236 3934 Contu·

281 3987 333 4054 tps
351 3969 416 4036 tet
434 3971 474 4036 de
493 3972 673 4039 Normendis
691 3975 730 4039 Τ.
748 3975 772 4040 1.
792 3993 825 4060 p·
843 3972 912 4040 139.
994 3967 997 3972 ’

939 4077 967 4166 2
