3114 5126
596 575 788 696 f-ll-

209 769 486 848 extraordinaria·
509 795 598 871 quae
624 771 784 845 vassallus
812 771 955 846 domino
987 768 1160 855 solvebat,

209 923 252 972 ex
268 897 340 970 soll
352 883 451 972 illius
466 895 673 996 pendebant
694 896 890 980 voluntate,
916 879 985 974 nisi
1003 897 1087 970 alius
1108 896 1162 966 in·

209 1025 397 1101 vestiturae
421 1024 618 1096 accessisset
641 1036 855 1098 contractus.

259 1149 309 1224 3⁰.
333 1151 431 1242 Quae
456 1151 607 1222 maxima
627 1163 702 1223 erat
724 1147 939 1240 differentia,
965 1146 1092 1220 fundus
1117 1142 1168 1238 oi·

210 1276 262 1352 vis
285 1275 429 1348 Romani
456 1273 546 1346 nihil
562 1287 707 1376 patrono
735 1274 888 1348 debebat
909 1289 944 1348 et
965 1285 1077 1346 toturn
1104 1267 1167 1339 do·

210 1402 359 1480 minium
380 1423 486 1500 penes
501 1399 666 1472 clientem
682 1415 771 1490 erat,
798 1401 853 1472 vel
875 1399 995 1473 saltem
1010 1395 1099 1470 nihil
1121 1416 1165 1470 ex
1223 1457 1229 1466 .

211 1527 320 1628 hujus
342 1523 443 1598 fundi
465 1524 578 1597 reditu
602 1523 657 1640 vel
689 1523 843 1596 dominio
865 1549 930 1623 pro
960 1550 1022 1597 suo
1059 1519 1169 1592 vindi·

214 1675 293 1726 care
312 1641 448 1750 poterat
466 1663 652 1748 patronus,
668 1651 767 1748 quasi
782 1649 849 1720 sibi
870 1653 947 1746 jure
967 1641 1168 1748 patronatus

214 1773 353 1850 debito:
381 1772 556 1848 'vassallus
588 1785 704 1844 autem
741 1771 840 1844 fundi
877 1757 1022 1846 feudalis
1056 1787 1168 1873 'quem
1230 1833 1231 1836 ,

213 1896 413 2001 possidebat
429 1899 623 1972 domimum
647 1909 781 1970 tantum
798 1883 883 1972 utile
902 1897 1168 1987 habebamur
1215 1945 1217 1952 ,

215 2028 410 2100 dominium
440 2015 646 2120 supremum
677 2049 815 2125 semper
846 2049 956 2125 penes
982 2025 1167 2102 dominum

215 2165 381 2226 maneret.
421 2151 518 2223 Etsi
543 2149 705 2223 vassallus
725 2177 848 2248 agrum
869 2149 1065 2224 allodialem
1085 2180 1169 2252 pos-

214 2276 373 2369 sidebat,
398 2299 465 2352 neo
493 2275 636 2350 domino
661 2273 885 2348 incumbebat
906 2277 1065 2378 obligatio
1092 2308 1170 2356 vas.

215 2403 338 2478 sallum
365 2402 488 2476 tuendi
508 2401 626 2503 quoad*
644 2401 744 2474 fundi
767 2399 872 2498 hujus
893 2408 1169 2502 possessionem,

215 2555 281 2603 nec
304 2555 324 2602 a
345 2529 490 2606 vassallo
507 2527 608 2601 fundi
628 2528 761 2601 fructus
788 2539 923 2624 partem
945 2532 1080 2630 exigere
1108 2559 1173 2634 po·

99 2736 102 2742 ,
216 2664 331 2742 terat,
368 2653 511 2726 nomine
539 2643 690 2744 census,
729 2651 978 2745 decumarum,
1004 2657 1170 2733 laudunii
1298 2702 1302 2708 ,

216 2775 273 2850 vel
298 2774 486 2868 similium,
511 2776 706 2880 licebatque
725 2775 867 2855 vassallo
892 2779 1041 2854 fundum
1062 2781 1169 2854 istum
1284 2769 1290 2772 ’

216 2899 366 2976 alienare
390 2901 464 2976 siue
484 2899 618 2974 domini
639 2901 691 2975 sui
714 2924 899 2974 consensu.

192 3125 194 3128 Ι
264 3027 327 3102 Jus
346 3025 553 3098 Patronatus
581 3025 709 3124 igitur,
735 3027 848 3124 reipsa
878 3054 897 3099 a
923 3023 1007 3100 Jure
1038 3025 1173 3101 domini
1259 3103 1261 3111 ,

216 3155 255 3230 in
291 3151 470 3228 vassallum
494 3151 638 3242 differt,
664 3175 731 3224 uec
766 3165 806 3224 ut
836 3151 930 3258 ejds'
946 3153 1022 3227 sons
1054 3137 1180 3230 haberi

218 3293 348 3382 potest.
763 3292 765 3295 ’

260 3405 337 3496 ,ΑΙίἰ
353 3417 513 3476 auctores
530 3402 600 3502 (ι)
623 3402 840 3476 contendunt
857 3402 1061 3476 donationes
1083 3429 1179 3500 agro·
1286 3447 1293 3456 -

218 3559 299 3620 rum
320 3559 340 3606 a
364 3533 570 3608 Triumviris
595 3535 762 3620 Octavio,
788 3533 939 3605 Antonio
961 3546 996 3604 et
1021 3532 1172 3632 Lepido,

218 3647 389 3740 veteranis
415 3660 546 3750 facus,
571 3659 739 3758 originem
759 3658 864 3732 fuisse
887 3657 1089 3755 feudorum3
1112 3657 1175 3744 sed

220 3858 367 3878 ..ιι-ιιι-

260 3979 329 4061 (1)
350 3981 433 4044 conf.
454 3981 616 4076 &uiget
636 3981 774 4046 Selden
795 3983 872 4044 ibid.
918 3971 922 3983 ’

571 4117 577 4130 1
836 4122 862 4196 2
886 4128 904 4167 3
