3114 5126
287 713 362 815 pari
378 709 461 784 ‘non
491 719 632 808 posset,
669 710 736 783 nisi
768 709 836 809 ipsi
871 732 986 782 mores
1018 707 1258 782 emendaren²¹

284 855 342 912 tnr
367 839 446 935 (a).

335 965 493 1039 Alterum
521 959 721 1059 exemplum
743 961 835 1060 leges
862 962 965 1034 tacita
998 961 1249 1036 consuetudine

286 1102 436 1166 mutatas
458 1087 583 1178 fuisse,
616 1085 717 1162 nobis
742 1086 888 1186 praebet
911 1088 1052 1184 Anglia:
1080 1087 1129 1160 ibi
1154 1090 1251 1160 enim

245 1189 255 1220 ξ’
286 1216 415 1290 multae
436 1213 528 1312 leges
548 1214 585 1284 in
602 1212 868 1285 desuetudinem
882 1211 1063 1303 abierunt,
1089 1217 1249 1315 quamvis

167 1339 171 1348 ’
285 1343 356 1416 huo
375 1367 484 1440 usque
504 1363 664 1436 expresse
687 1337 867 1435 abrogatae
891 1363 968 1410 non
1001 1341 1143 1419 suerint.
1194 1343 1251 1416 Sic

285 1495 359 1552 non
377 1466 440 1538 diu
460 1464 588 1537 abhinc
608 1463 749 1536 demum
765 1463 897 1536 solenni
914 1479 993 1536 actu
1016 1473 1170 1568 supremi
1192 1474 1252 1545 Sc-

283 1589 386 1668 natu's
410 1590 549 1688 Anglici
572 1591 662 1687 (Act
687 1589 726 1660 of
740 1588 985 1689 Parliamcnt)
1005 1591 1159 1667 sublatae
1180 1599 1254 1671 sne·

285 1733 369 1794 runt
398 1717 478 1790 illae
512 1715 607 1812 leges
632 1741 719 1812 quae
748 1716 986 1814 quaestionem
1018 1733 1054 1790 et
1084 1711 1256 1822 praelium

286 1846 494 1946 indiciarum
514 1838 774 1940 permittebant.
999 1846 1000 1850 ’

334 1972 440 2074 ΡΙιπα
458 1995 522 2068 per
540 1965 675 2040 saecula
699 1967 843 2037 unicum
872 1971 926 2066 jas
947 1970 1043 2070 quod
1068 1974 1162 2073 apud
1182 1981 1256 2050 ma:
1375 2035 1377 2038 .

286 2102 398 2198 jorem
420 2109 553 2196 partem
573 2090 782 2192 populorum
812 2095 1074 2194 Europaeorum
1095 2103 1253 2200 vigebat,

287 2237 361 2296 erat
378 2224 440 2295 Jus
456 2217 620 2294 Feudale.
646 2219 716 2292 Per
736 2217 856 2290 decern
871 2223 943 2294 sere
958 2226 1109 2317 saecula,
1132 2255 1254 2304 omnes

285 2350 396 2448 begea,
416 2348 533 2419 omnia
545 2345 700 2418 instituta
712 2344 938 2444 plurimarum
951 2351 1127 2426 civitatum
1141 2413 1150 2447 ,
1171 2356 1254 2442 huic

287 2474 434 2548 obnoxia
461 2485 560 2548 erant
580 2472 661 2571 juri.
711 2471 836 2577 Magna
852 2473 960 2572 igitur
976 2477 1043 2550 suit
1070 2479 1174 2585 hujus
1196 2489 1254 2587 ju·

302 2664 513 2710 *i*

295 2887 301 2898 ,
325 2829 397 2914 (2)
418 2829 504 2891 conf.
525 2831 688 2911 Mignot,
718 2829 806 2894 dela
827 2831 983 2896 Ftodatite'
1003 2845 1033 2896 et
1059 2836 1113 2897 dee
1131 2833 1254 2898 Institit
1377 2841 1379 2845 ’

285 2945 364 3006 tione
385 2943 424 3004 de
447 2942 489 3002 St
504 2939 606 3002 bouis.
654 2939 894 3015 Roberteon,
915 2944 1121 3006 Introduction
1144 2955 1175 3006 to
1202 2949 1260 3009 tha

283 3053 407 3134 Uiatory
424 3052 462 3114 of
480 3049 606 3112 Charlea
632 3049 685 3108 the
701 3047 797 3111 Fifth.
837 3050 1091 3114 Beaumanoir
1102 3095 1112 3126 ,
1134 3075 1200 3134 cap.
1218 3054 1260 3118 59

283 3161 479 3241 Ducange,
507 3159 585 3220 Diae.
608 3155 659 3218 29.
685 3177 739 3218 aur
761 3160 919 3234 Joinville,
943 3171 1028 3223 utet
1052 3163 1139 3244 leget
1157 3167 1258 3227 Caroli

284 3266 388 3346 Magni
409 3269 449 3328 de
475 3265 751 3350 Compensatione3
781 3268 986 3343 Bcluzins,
1018 3270 1148 3350 Capitul.
1174 3275 1253 3332 Μ)

284 3373 355 3437 802.
376 3375 444 3438 Vol.
462 3379 486 3440 I.
505 3394 536 3453 p.
556 3375 624 3435 371.

268 3547 269 3552 ,
327 3485 376 3545 Sic
390 3483 567 3544 constitutae
584 3481 729 3555 fuerunt,
748 3482 800 3544 aed
812 3487 1075 3546 nonobservatam
1098 3483 1167 3546 Por
1180 3485 1255 3571 Dei,
1282 3533 1284 3542 .

285 3613 305 3653 a
319 3593 370 3652 die
386 3591 470 3651 Jovis
485 3590 541 3648 tub
558 3607 717 3668 vesperam
738 3611 833 3671 usque
851 3592 889 3652 ad
900 3592 981 3652 diem
994 3591 1094 3656 Lunae
1115 3631 1156 3643 -
1177 3593 1258 3657 Con·

286 3701 474 3783 fraternitas
493 3693 552 3756 Dei
572 3730 615 3744 -··
635 3695 756 3780 Trouqo
779 3699 901 3780 Reqia,
928 3722 947 3762 a
964 3703 1106 3784 Philippo
1125 3707 1257 3786 Augusta

288 3808 465 3879 constituta,
486 3804 572 3866 initio
583 3807 679 3866 seculi
701 3805 788 3882 XIII,
809 3819 911 3889 postea
933 3831 950 3872 a
972 3807 1128 3876 Ludovioo
1147 3817 1254 3880 Sancto

287 3915 398 4005 iterum
419 3915 548 3988 sancita,
573 3913 606 3971 A.
627 3912 664 3971 D.
687 3911 784 3994 1245,
806 3929 838 3978 ct
861 3919 971 3984 deinde
992 3941 1009 3981 a
1030 3922 1171 4006 Philippo
1188 3925 1256 4007 Pul:

290 4017 486 4096 olno‚1296.
555 4039 560 4046 ’

1009 4134 1031 4208 1
1057 4136 1075 4175 a
