3114 5126
788 523 985 606 ..tt-

406 729 503 820 rico,
528 729 587 831 qui
604 727 659 802 lris
675 725 719 799 de
738 723 840 801 rebus
860 726 1042 826 diligenter
1055 721 1205 800 scribere
1221 729 1386 828 cupiat,

405 854 450 928 ad
471 879 525 928 res
547 881 659 929 sacras
676 851 766 926 benc
782 849 1041 951 intelligendas,
1065 852 1290 954 praecipuam
1303 881 1393 928 cu-

405 1005 483 1055 ram
503 978 736 1054 adhibendam
762 987 847 1052 esse.

455 1107 502 1181 At
518 1105 674 1206 quamvis
694 1105 843 1178 maxima
868 1116 967 1204 parte
987 1103 1156 1202 perierint
1173 1103 1252 1178 libri
1275 1107 1381 1180 anti·

408 1233 470 1333 qui
494 1231 648 1322 Persici,
673 1229 833 1302 videntur
853 1243 970 1302 tamen
992 1229 1097 1328 pauci
1116 1226 1179 1303 diu
1199 1232 1376 1332 supersti-

408 1367 463 1430 tes
483 1357 606 1446 luisse,
630 1381 713 1429 nam
730 1351 897 1428 Ferduusi
916 1353 1044 1426 diserte
1069 1353 1173 1447 dicit,
1198 1380 1235 1428 se
1254 1355 1298 1428 ad
1315 1355 1375 1428 hi-

407 1485 548 1557 storiam
575 1509 673 1556 suam
696 1479 912 1556 scribendam
937 1482 1140 1580 praesertim
1166 1477 1376 1554 adhibuisse

407 1602 549 1708 autiqua
561 1620 808 1696 monumenta,
824 1607 941 1702 lingua
953 1603 1135 1680 Pehlavica
1151 1608 1346 1708 conscripta
1359 1623 1373 1692 3

357 1823 359 1826 Ι
412 1743 450 1800 et
469 1730 680 1806 alius-etiam
702 1747 812 1806 exstat
835 1731 924 1804 liber
951 1733 1013 1833 qui
1038 1731 1274 1810 omnia‚babet
1303 1733 1377 1805 im.

411 1880 530 1956 pressa
560 1860 699 1960 vestigia
718 1857 966 1931 remotissimae
988 1857 1220 1958 antiquitatis,
1245 1857 1374 1956 loquor

412 1979 459 2054 de
487 1981 586 2058 Zend
617 1993 741 2060 Avesta
770 1983 941 2056 Zoroastri
965 1983 1058 2081 (1);
1094 1981 1251 2058 sednon
1274 1995 1370 2056 certa

413 2105 471 2182 res
496 2121 547 2214 est
568 2109 612 2184 de
637 2123 794 2210 tempore
818 2133 887 2211 quo
908 2109 1074 2210 scriptum
1096 2109 1179 2198 fuit,
1213 2121 1249 2181 et
1270 2097 1392 2208 prae·¹

412 2245 509 2307 terea
534 2206 615 2310 eum
636 2237 682 2310 ab
709 2235 763 2310 illi
790 2236 873 2308 inde
900 2249 1058 2334 tempore
1082 2232 1365 2333 interpolationes
1474 2230 1476 2236 ’

409 2358 633 2452 accederint,
656 2386 729 2432 non
750 2359 853 2460 plane
877 2359 935 2460 illo
955 2359 1129 2430 confidere
1150 2383 1343 2458 possumus.

464 2481 503 2556 Si
534 2485 639 2582 igitur
663 2481 973 2558 nonobstantibus
1005 2481 1164 2556 omnibus
1195 2485 1250 2558 bis
1274 2485 1363 2562 diffie
1413 2526 1416 2532 ·

414 2605 631 2701 saltatibus,
667 2610 705 2684 in
744 2611 1031 2710 Europaeorum,
1073 2609 1362 2712 Asiaticorumque
1436 2679 1438 2682 .

420 2733 671 2811 historicorum
711 2735 849 2836 seriptis
879 2733 948 2808 loci
979 2735 1207 2808 inveniuntur
1241 2738 1362 2836 quibus

416 2873 459 2937 ut
483 2863 693 2961 argumentis
709 2865 761 2936 uti
781 2885 985 2960 possumus,
1002 2859 1196 2934 verosimile
1219 2862 1285 2934 erit
1304 2888 1364 2936 no·

416 3001 528 3064 stram
554 2988 757 3094 opinionem
777 2987 910 3062 ratione
928 3011 1002 3065 uon
1023 3009 1154 3062 carere.
1182 2985 1362 3062 Videamus
1402 2997 1405 3002 “

413 3115 530 3215 igitur.

465 3242 546 3316 Jam
576 3236 713 3312 dudum
739 3239 897 3314 nationes
931 3238 1183 3330 Germanicae„
1215 3251 1250 3312 et
1284 3217 1361 3330 ’illae

417 3392 505 3470 quae
526 3367 681 3441 Persium
711 3363 871 3448 incolunt
899 3365 938 3437 in
964 3363 1121 3448 eamdem
1156 3365 1300 3464 stirpem
1318 3389 1364 3437 re·

419 3491 577 3570 tulerunt
603 3491 765 3568 historiae
785 3491 949 3574 naturalis
973 3504 1010 3564 et
1029 3489 1224 3591 linguarum
1241 3492 1363 3592 periti;

419 3689 617 3724 Μ

462 3812 531 3896 (1)
561 3813 607 3874 De
628 3833 690 3901 quo
706 3811 767 3880 vid.
786 3813 965 3900 luquetil
985 3813 1201 3892 Duperrou.
1242 3809 1361 3888 Hyde,

415 3921 772 3999 debeligioueveterum
780 3921 948 3996 Persarum,
967 3920 1215 4003 Briasouiua,
1235 3917 1365 4011 delleglt

417 4031 576 4094 Persarum
594 4029 734 4118 imperto.
1288 4022 1291 4027 ’
