3114 5126
407 1255 657 1356 cneum
716 1259 1085 1379 rusulum.

289 1575 344 1640 DE
365 1577 459 1628 JURE
482 1575 652 1628 usuum
671 1575 772 1632 APUD
789 1577 968 1628 VETERES
987 1577 1209 1638 GERHANOM

269 1905 384 2020 Cum
404 1970 477 2017 non
499 1939 558 2014 hic
581 1937 625 2013 de
644 1941 803 2016 universo
820 1938 1069 2015 JureFeudali
1094 1939 1233 2032 dicam,

264 2087 345 2158 non
359 2069 447 2142 mihi
468 2091 609 2140 necesse
630 2065 765 2142 videtur
785 2067 856 2140 hoc·
872 2067 951 2140 loco
970 2067 1085 2139 omnia
1108 2066 1238 2140 deseri·

264 2191 352 2274 ¹bere
365 2193 539 2283 instituta,
563 2193 886 2294 quaehocnomine
906 2195 1142 2280 continentur,
1168 2215 1235 2263 nec

272 2323 382 2398 varias
406 2319 591 2393 feudorum
615 2319 767 2417 species,
806 2317 987 2417 officiaque
1012 2316 1235 2390 dominorum

145 2537 148 2544 ¹
273 2459 311 2525 et
331 2445 555 2524 vassallorum
574 2469 793 2518 enumerare:
832 2441 893 2516 sed
915 2443 970 2514 lais
996 2465 1062 2539 pro
1088 2443 1234 2539 cognitis
1294 2428 1295 2431 Ἴ

265 2571 421 2660 habitis,
447 2573 623 2668 exquiram
640 2585 758 2642 utrum
778 2569 800 2642 J
804 2626 812 2642 .
830 2570 870 2642 F.
896 2565 1038 2664 vestigia
1057 2567 1151 2666 apud
1177 2592 1235 2640 re·

274 2705 367 2778 teres
386 2695 610 2767 inveniantur
632 2697 855 2770 Germanou
896 2692 1055 2766 Difficilis
1074 2705 1127 2764 est
1149 2692 1236 2764 haec

263 2813 512 2916 investigatio,
536 2843 618 2891 cum
641 2819 808 2892 Germani
836 2816 967 2890 nullam
996 2818 1164 2916 scriptam
1189 2816 1238 2889 lc·

271 2968 351 3044 gem
378 2941 583 3044 reliquerint
609 2957 689 3016 ante
720 2943 832 3042 legem
860 2941 1008 3016 Salicem
1044 2957 1080 3016 et
1108 2943 1238 3044 Ripua·

259 3069 360 3154 'riam
376 3125 385 3160 ‚
419 3068 602 3172 legemque
616 3067 921 3170 =Burgundionum
937 3125 946 3158 ‚
972 3068 1237 3168 Visigothorum

273 3209 309 3277 et
321 3197 602 3298 Bejuveriorum‚
628 3221 716 3297 quae
730 3219 851 3268 omnes
870 3195 1018 3294 scriptae
1037 3210 1118 3270 sunt
1136 3194 1238 3296 plura

263 3320 391 3396 secula
410 3336 489 3421 post
509 3335 648 3422 tempus
668 3321 712 3394 de
732 3344 802 3423 quo
827 3319 1020 3395 dicendum
1040 3335 1105 3393 est.

327 3447 493 3539 Quamvis
512 3449 678 3522 Germani
698 3449 765 3548 ipsi
788 3473 862 3520 non
882 3448 1106 3546 scripserint,
1130 3443 1238 3520 multa

148 3661 151 3666 Ι
274 3575 392 3673 magni
418 3572 522 3672 pretii
543 3585 769 3644 monumenta
792 3569 887 3670 apud
912 3572 1063 3643 Graecos
1081 3571 1240 3646 Latinos·

278 3723 348 3799 que
363 3697 553 3775 Historicos
567 3709 713 3770 exstant.
740 3695 905 3770 Caesar
921 3752 930 3786 ‚
955 3695 1139 3786 Strabo,
1161 3697 1240 3770 Me-

182 3809 185 3816 ’
278 3821 1286 3914 la‚Plinius‚Tacitus‚Ptolemaeus‚Am·.

280 3923 461 4024 mianus
492 3945 794 4022 Marcellinus
826 3949 895 4022 sere
918 3951 952 4022 in
972 3947 1135 4021 omnibus
1158 3974 1242 4020 con·
1299 3969 1302 3976 ’

278 4071 454 4174 ᾳᾳηῑὶηηῐὶ
477 4071 539 4148 sed
554 4072 711 4177 plerique
724 4073 876 4154 studiose
896 4073 1133 4155 describentes
1151 4073 1241 4148 Ger·
