3114 5126
741 536 910 612 ...6-

350 767 447 816 num.
496 733 653 808 Pn'mum
674 734 740 808 tuit
768 735 854 832 jun's
878 731 1056 806 vinculum
1079 731 1174 832 quod
1196 743 1312 806 mena-¹

349 865 413 941 bra
442 865 586 966 disjecta
615 861 788 936 societatis
814 858 975 954 collegit,
1002 859 1120 956 eisque
1155 859 1304 931 formam

351 1007 387 1068 et
410 985 616 1064 firmitatem
637 983 785 1060 addidit.
834 985 939 1076 Quod
971 998 1087 1056 autem
1112 982 1157 1054 ad
1181 983 1303 1056 barba·

269 1123 274 1130 ’
348 1119 439 1193 riem
459 1113 564 1218 hujus
598 1113 683 1216 juris
714 1113 863 1201 attinet,
889 1109 1080 1182 cavendum
1104 1124 1155 1182 est
1180 1139 1304 1212 quam·

282 1249 284 1254 ’
348 1248 400 1318 ris
420 1246 494 1342 jam
524 1239 569 1312 ab
597 1239 695 1312 initio
721 1239 803 1311 huic
825 1238 1001 1335 systemati
1031 1262 1068 1311 se
1102 1239 1302 1311 immiscue-

349 1372 422 1444 rint
444 1367 573 1441 multae
598 1361 868 1439 consuetudines
895 1375 931 1435 et
956 1365 1188 1438 institutiones
1222 1365 1303 1438 bar·

347 1495 469 1586 barae,
491 1521 536 1566 ne
560 1491 626 1564 hae
649 1492 939 1562 commisceantur
965 1517 1045 1563 oum
1070 1515 1112 1562 eo
1137 1489 1233 1590 quod
1252 1516 1307 1590 sy·

349 1620 504 1696 stematis
536 1615 801 1688 fundamentum
823 1615 949 1704 eflicit,
979 1629 1014 1688 et
1035 1621 1105 1712 iam
1140 1620 1308 1716 tempori·

348 1745 417 1818 bus
436 1739 574 1816 extabat
595 1740 704 1810 multo
721 1741 987 1837 antiquioribus.
1035 1743 1181 1814 Materia
1201 1769 1305 1842 quam

349 1871 440 1948 nihi
461 1865 675 1940 tractandam
692 1889 960 1966 proposueram,
986 1865 1075 1938 vires
1099 1893 1194 1942 meas
1214 1873 1304 1944 mul·
1346 1951 1351 1962 ,

328 2013 427 2072 ’tum
453 1991 658 2094 superabat,
695 1989 756 2064 sed
786 1989 874 2063 mihi
897 2004 971 2061 tam
1004 1995 1178 2105 arridebat
1202 2025 1305 2096 argu-

349 2127 596 2209 mentum,'ut
619 2117 656 2190 id
677 2132 821 2190 tractare
844 2131 986 2190 conatus
1011 2144 1098 2190 sum.
1149 2121 1218 2193 Sed
1236 2150 1307 2224 quo

349 2249 459 2346 magis
493 2271 569 2318 rem
605 2243 836 2342 indagabam,
868 2270 911 2318 eo
947 2245 1052 2342 magis
1087 2244 1305 2346 deprehendi
1440 2337 1443 2344 Ι

349 2369 587 2444 difficultatem
614 2374 730 2470 operis
756 2369 852 2469 quod
878 2371 964 2442 mihi
987 2372 1242 2470 imposueram,
1267 2388 1304 2448 et
1429 2463 1432 2470 ,

350 2509 430 2597 post
449 2522 579 2568 annum
603 2495 675 2567 fere
701 2509 812 2568 totum
832 2496 869 2568 in
895 2495 949 2569 his
970 2489 1093 2570 studiis
1117 2522 1306 2602 consump-

349 2637 449 2713 tum,
485 2627 555 2721 jam
592 2638 836 2720 argumentum
859 2621 1058 2694 deserturus
1083 2651 1197 2716 eram,
1224 2653 1307 2700 eum

349 2775 449 2851 spem
489 2750 690 2849 amitterem,
709 2777 863 2852 unquam
898 2747 1032 2851 aliquid
1060 2751 1214 2823 scrihere
1248 2780 1306 2825 rne

346 2899 451 2975 posse
475 2875 631 2946 materiei
658 2873 816 2972 dignum.
879 2878 1013 2948 Haecce
1044 2883 1160 2946 animo
1187 2875 1305 2956 volve·
1361 2901 1364 2910 ·

347 2999 429 3074 bam
452 3026 533 3072 cum
554 2999 618 3070 alia
647 3000 756 3086 cura,
772 3001 979 3102 majorisque
1004 3002 1172 3074 momenti
1197 3029 1254 3076 me
1283 3033 1303 3078 a

348 3125 471 3202 studiis
504 3123 664 3201 detraxit.
727 3127 876 3224 indigne
908 3129 1023 3199 serens
1054 3126 1235 3226 perfidiam
1267 3144 1304 3203 et

349 3253 519 3350 ingratum
536 3249 720 3350 Belgarum
745 3278 823 3351 erga
843 3251 1056 3326 Gulielmum
1079 3253 1206 3350 Regem
1230 3255 1305 3326 ani.

346 3405 466 3470 mum,
502 3404 597 3450 arma
625 3379 704 3480 cepi
732 3406 813 3452 cum
842 3377 1090 3478 eondiscipulis
1122 3381 1232 3472 meis,
1257 3379 1303 3453 ad

348 3509 477 3603 regiam
496 3503 701 3604 dignita-tem
722 3519 942 3592 attentatam,
959 3518 995 3577 et
1019 3503 1064 3577 ad
1084 3504 1249 3602 iustitiam
1267 3517 1305 3580 et

347 3631 562 3704 honestitem
587 3630 858 3704 defendendam.
909 3634 1049 3728 integro
1071 3657 1164 3700 anno
1187 3631 1304 3732 elapso

347 3760 387 3832 in
407 3756 660 3844 attaminari,
686 3759 837 3830 multum
865 3757 1031 3829 damnum
1061 3755 1187 3828 studiis
1214 3757 1303 3828 meis

348 3883 490 3960 aliatum
509 3881 592 3976 tuin
615 3883 677 3956 sed
698 3910 779 3956 cum
799 3897 879 3983 post
899 3885 1095 3972 victoriam,
1121 3882 1305 3990 decretum

349 4011 452 4112 Regis
471 4035 537 4082 nos
558 4011 596 4082 in
620 4009 844 4086 Academiam
872 4009 1082 4104 reduxisset,
1108 4033 1225 4080 rursus
1251 4011 1305 4082 acl
