<?xml version="1.0" encoding="UTF-8"?>
<!DOCTYPE html PUBLIC "-//W3C//DTD XHTML 1.0 Transitional//EN"
    "http://www.w3.org/TR/xhtml1/DTD/xhtml1-transitional.dtd">
<html xmlns="http://www.w3.org/1999/xhtml" xml:lang="en" lang="en">
 <head>
  <title>
</title>
<meta http-equiv="Content-Type" content="text/html;charset=utf-8" />
  <meta name='ocr-system' content='tesseract 3.04.00' />
  <meta name='ocr-capabilities' content='ocr_page ocr_carea ocr_par ocr_line ocrx_word'/>
</head>
<body>
  <div class='ocr_page' id='page_1' title='image "./specimenhistori00saingoog_0032.png"; bbox 0 0 3114 5126; ppageno 0'>
   <div class='ocr_carea' id='block_1_1' title="bbox 650 572 845 646">
    <p class='ocr_par' dir='ltr' id='par_1_1' title="bbox 650 572 845 646">
     <span class='ocr_line' id='line_1_1' title="bbox 650 572 845 646; baseline 0.031 -16"><span class='ocrx_word' id='word_1_1' title='bbox 650 572 845 646; x_wconf 65' lang='lat' dir='ltr'>...ss-</span> 
     </span>
    </p>
   </div>
   <div class='ocr_carea' id='block_1_2' title="bbox 211 765 1215 1247">
    <p class='ocr_par' dir='ltr' id='par_1_2' title="bbox 211 765 1215 1247">
     <span class='ocr_line' id='line_1_2' title="bbox 247 765 1211 875; baseline 0.007 -31"><span class='ocrx_word' id='word_1_2' title='bbox 247 768 542 860; x_wconf 56' lang='lat' dir='ltr'>Pelloutiem</span> <span class='ocrx_word' id='word_1_3' title='bbox 583 769 620 842; x_wconf 90' lang='lat' dir='ltr'>in</span> <span class='ocrx_word' id='word_1_4' title='bbox 654 770 798 844; x_wconf 74' lang='lat' dir='ltr'>historia</span> <span class='ocrx_word' id='word_1_5' title='bbox 825 769 886 842; x_wconf 67' lang='lat' dir='ltr'>sul</span> <span class='ocrx_word' id='word_1_6' title='bbox 914 765 1108 864; x_wconf 71' lang='lat' dir='ltr'>Celtarumr</span> <span class='ocrx_word' id='word_1_7' title='bbox 1149 775 1211 875; x_wconf 69' lang='lat' dir='ltr'>qui</span> 
     </span>
     <span class='ocr_line' id='line_1_3' title="bbox 211 897 1211 1000; baseline 0.002 -28"><span class='ocrx_word' id='word_1_8' title='bbox 211 955 213 962; x_wconf 85' lang='lat'><em>.</em></span> <span class='ocrx_word' id='word_1_9' title='bbox 247 925 342 1000; x_wconf 26' lang='lat' dir='ltr'>enm*</span> <span class='ocrx_word' id='word_1_10' title='bbox 368 898 438 970; x_wconf 85' lang='lat' dir='ltr'>fere</span> <span class='ocrx_word' id='word_1_11' title='bbox 468 919 588 968; x_wconf 89' lang='lat' dir='ltr'>omnes</span> <span class='ocrx_word' id='word_1_12' title='bbox 610 897 752 970; x_wconf 87' lang='lat' dir='ltr'>Latinos</span> <span class='ocrx_word' id='word_1_13' title='bbox 782 900 998 997; x_wconf 79' lang='lat' dir='ltr'>Graecosque</span> <span class='ocrx_word' id='word_1_14' title='bbox 1026 899 1211 998; x_wconf 74' lang='lat' dir='ltr'>scriptores</span> 
     </span>
     <span class='ocr_line' id='line_1_4' title="bbox 248 1018 1214 1125; baseline 0.003 -29"><span class='ocrx_word' id='word_1_15' title='bbox 248 1023 456 1125; x_wconf 81' lang='lat' dir='ltr'>perlegisset</span> <span class='ocrx_word' id='word_1_16' title='bbox 465 1045 508 1094; x_wconf 81' lang='lat' dir='ltr'>ex</span> <span class='ocrx_word' id='word_1_17' title='bbox 520 1018 593 1094; x_wconf 86' lang='lat' dir='ltr'>illis</span> <span class='ocrx_word' id='word_1_18' title='bbox 604 1047 724 1094; x_wconf 90' lang='lat' dir='ltr'>omnes</span> <span class='ocrx_word' id='word_1_19' title='bbox 737 1021 914 1096; x_wconf 79' lang='lat' dir='ltr'><strong>adnotavit</strong></span> <span class='ocrx_word' id='word_1_20' title='bbox 925 1023 1020 1096; x_wconf 91' lang='lat' dir='ltr'>locos</span> <span class='ocrx_word' id='word_1_21' title='bbox 1038 1023 1100 1097; x_wconf 89' lang='lat' dir='ltr'>ubi</span> <span class='ocrx_word' id='word_1_22' title='bbox 1112 1051 1214 1100; x_wconf 88' lang='lat' dir='ltr'>men-</span> 
     </span>
     <span class='ocr_line' id='line_1_5' title="bbox 248 1147 1215 1247; baseline 0 -23"><span class='ocrx_word' id='word_1_23' title='bbox 248 1151 306 1224; x_wconf 82' lang='lat' dir='ltr'>tio</span> <span class='ocrx_word' id='word_1_24' title='bbox 328 1153 368 1223; x_wconf 89' lang='lat' dir='ltr'>fit</span> <span class='ocrx_word' id='word_1_25' title='bbox 389 1162 544 1223; x_wconf 82' lang='lat' dir='ltr'>veterum</span> <span class='ocrx_word' id='word_1_26' title='bbox 564 1149 724 1247; x_wconf 83' lang='lat' dir='ltr'>Europae</span> <span class='ocrx_word' id='word_1_27' title='bbox 745 1147 950 1222; x_wconf 86' lang='lat' dir='ltr'>incolarum.</span> <span class='ocrx_word' id='word_1_28' title='bbox 1002 1149 1071 1222; x_wconf 90' lang='lat' dir='ltr'>Sed</span> <span class='ocrx_word' id='word_1_29' title='bbox 1091 1150 1215 1224; x_wconf 81' lang='lat' dir='ltr'>dolen·</span> 
     </span>
    </p>
   </div>
   <div class='ocr_carea' id='block_1_3' title="bbox 199 1271 1383 1375">
    <p class='ocr_par' dir='ltr' id='par_1_3' title="bbox 199 1271 1383 1375">
     <span class='ocr_line' id='line_1_6' title="bbox 199 1271 1383 1375; baseline 0.024 -46"><span class='ocrx_word' id='word_1_30' title='bbox 199 1325 201 1329; x_wconf 81' lang='grc'>,</span> <span class='ocrx_word' id='word_1_31' title='bbox 254 1275 341 1349; x_wconf 87' lang='lat' dir='ltr'>dum</span> <span class='ocrx_word' id='word_1_32' title='bbox 365 1271 530 1375; x_wconf 90' lang='lat' dir='ltr'>estquod</span> <span class='ocrx_word' id='word_1_33' title='bbox 553 1287 624 1347; x_wconf 92' lang='lat' dir='ltr'>tam</span> <span class='ocrx_word' id='word_1_34' title='bbox 647 1273 753 1346; x_wconf 88' lang='lat' dir='ltr'>multa</span> <span class='ocrx_word' id='word_1_35' title='bbox 777 1271 915 1348; x_wconf 87' lang='lat' dir='ltr'>inutilia</span> <span class='ocrx_word' id='word_1_36' title='bbox 934 1275 973 1348; x_wconf 92' lang='lat' dir='ltr'>in</span> <span class='ocrx_word' id='word_1_37' title='bbox 992 1299 1080 1374; x_wconf 89' lang='lat' dir='ltr'>opus</span> <span class='ocrx_word' id='word_1_38' title='bbox 1102 1277 1217 1352; x_wconf 63' lang='lat' dir='ltr'>admit</span> <span class='ocrx_word' id='word_1_39' title='bbox 1290 1359 1291 1362; x_wconf 61' lang='grc'>,</span> <span class='ocrx_word' id='word_1_40' title='bbox 1376 1361 1383 1372; x_wconf 67' lang='grc'><strong>,</strong></span> 
     </span>
    </p>
   </div>
   <div class='ocr_carea' id='block_1_4' title="bbox 242 1388 1216 1502">
    <p class='ocr_par' dir='ltr' id='par_1_4' title="bbox 242 1388 1216 1502">
     <span class='ocr_line' id='line_1_7' title="bbox 242 1388 1216 1502; baseline 0.007 -28"><span class='ocrx_word' id='word_1_41' title='bbox 242 1403 358 1492; x_wconf 84' lang='lat' dir='ltr'>-serit,</span> <span class='ocrx_word' id='word_1_42' title='bbox 371 1398 428 1474; x_wconf 86' lang='lat' dir='ltr'>vel</span> <span class='ocrx_word' id='word_1_43' title='bbox 439 1401 553 1499; x_wconf 89' lang='lat' dir='ltr'>potius</span> <span class='ocrx_word' id='word_1_44' title='bbox 565 1399 660 1502; x_wconf 92' lang='lat' dir='ltr'>quod</span> <span class='ocrx_word' id='word_1_45' title='bbox 675 1412 819 1502; x_wconf 90' lang='lat' dir='ltr'>propter</span> <span class='ocrx_word' id='word_1_46' title='bbox 830 1388 1102 1502; x_wconf 84' lang='lat' dir='ltr'>praejudicatam</span> <span class='ocrx_word' id='word_1_47' title='bbox 1117 1428 1216 1480; x_wconf 90' lang='lat' dir='ltr'>suam</span> 
     </span>
    </p>
   </div>
   <div class='ocr_carea' id='block_1_5' title="bbox 24 1525 1213 1628">
    <p class='ocr_par' dir='ltr' id='par_1_5' title="bbox 24 1525 1213 1628">
     <span class='ocr_line' id='line_1_8' title="bbox 24 1525 1213 1628; baseline 0.008 -33"><span class='ocrx_word' id='word_1_48' title='bbox 24 1555 29 1579; x_wconf 84' lang='lat'><strong>·</strong></span> <span class='ocrx_word' id='word_1_49' title='bbox 153 1569 156 1620; x_wconf 73' lang='lat'><em>3</em></span> <span class='ocrx_word' id='word_1_50' title='bbox 248 1528 456 1628; x_wconf 83' lang='lat' dir='ltr'>&#39;opinionem</span> <span class='ocrx_word' id='word_1_51' title='bbox 477 1549 598 1596; x_wconf 87' lang='lat' dir='ltr'>omnes</span> <span class='ocrx_word' id='word_1_52' title='bbox 627 1525 790 1626; x_wconf 78' lang='lat' dir='ltr'>Europae</span> <span class='ocrx_word' id='word_1_53' title='bbox 813 1525 964 1626; x_wconf 81' lang='lat' dir='ltr'>populas</span> <span class='ocrx_word' id='word_1_54' title='bbox 984 1527 1097 1614; x_wconf 79' lang='lat' dir='ltr'>Celtas</span> <span class='ocrx_word' id='word_1_55' title='bbox 1117 1556 1213 1624; x_wconf 73' lang='lat' dir='ltr'>esse,</span> 
     </span>
    </p>
   </div>
   <div class='ocr_carea' id='block_1_6' title="bbox 154 1639 1216 3012">
    <p class='ocr_par' dir='ltr' id='par_1_6' title="bbox 154 1639 1216 3012">
     <span class='ocr_line' id='line_1_9' title="bbox 249 1639 1214 1743; baseline 0.008 -19"><span class='ocrx_word' id='word_1_56' title='bbox 249 1653 368 1725; x_wconf 89' lang='lat' dir='ltr'>omnia</span> <span class='ocrx_word' id='word_1_57' title='bbox 385 1651 445 1724; x_wconf 84' lang='lat' dir='ltr'>tali</span> <span class='ocrx_word' id='word_1_58' title='bbox 469 1653 510 1724; x_wconf 90' lang='lat' dir='ltr'>in</span> <span class='ocrx_word' id='word_1_59' title='bbox 533 1649 639 1724; x_wconf 92' lang='lat' dir='ltr'>modo</span> <span class='ocrx_word' id='word_1_60' title='bbox 659 1639 873 1743; x_wconf 72' lang='lat' dir='ltr'>turbaverit,</span> <span class='ocrx_word' id='word_1_61' title='bbox 894 1650 1013 1726; x_wconf 82' lang='lat' dir='ltr'>utrix</span> <span class='ocrx_word' id='word_1_62' title='bbox 1038 1652 1130 1728; x_wconf 83' lang='lat' dir='ltr'>libr&#39;o</span> <span class='ocrx_word' id='word_1_63' title='bbox 1151 1683 1214 1732; x_wconf 90' lang='lat' dir='ltr'>suo</span> 
     </span>
     <span class='ocr_line' id='line_1_10' title="bbox 251 1775 1214 1882; baseline 0.006 -30"><span class='ocrx_word' id='word_1_64' title='bbox 251 1779 401 1878; x_wconf 73' lang='lat' dir='ltr'>supersit</span> <span class='ocrx_word' id='word_1_65' title='bbox 424 1801 519 1852; x_wconf 86' lang='lat' dir='ltr'>usus.</span> <span class='ocrx_word' id='word_1_66' title='bbox 566 1775 718 1848; x_wconf 85' lang='lat' dir='ltr'>Probare</span> <span class='ocrx_word' id='word_1_67' title='bbox 741 1790 889 1849; x_wconf 89' lang='lat' dir='ltr'>conatur</span> <span class='ocrx_word' id='word_1_68' title='bbox 907 1791 1029 1850; x_wconf 84' lang='lat' dir='ltr'>omnes</span> <span class='ocrx_word' id='word_1_69' title='bbox 1049 1780 1214 1882; x_wconf 85' lang='lat' dir='ltr'>Europae</span> 
     </span>
     <span class='ocr_line' id='line_1_11' title="bbox 249 1901 1215 2007; baseline 0.005 -29"><span class='ocrx_word' id='word_1_70' title='bbox 249 1903 398 2007; x_wconf 87' lang='lat' dir='ltr'>populos</span> <span class='ocrx_word' id='word_1_71' title='bbox 419 1901 542 1976; x_wconf 88' lang='lat' dir='ltr'>eadem</span> <span class='ocrx_word' id='word_1_72' title='bbox 559 1928 640 1982; x_wconf 89' lang='lat' dir='ltr'>usos</span> <span class='ocrx_word' id='word_1_73' title='bbox 660 1901 765 1977; x_wconf 90' lang='lat' dir='ltr'>fuisse</span> <span class='ocrx_word' id='word_1_74' title='bbox 789 1901 978 2000; x_wconf 81' lang='lat' dir='ltr'>religione,</span> <span class='ocrx_word' id='word_1_75' title='bbox 999 1903 1122 1980; x_wconf 90' lang='lat' dir='ltr'>eadem</span> <span class='ocrx_word' id='word_1_76' title='bbox 1150 1908 1215 1984; x_wconf 90' lang='lat' dir='ltr'>lin·</span> 
     </span>
     <span class='ocr_line' id='line_1_12' title="bbox 242 2027 1212 2132; baseline 0.006 -30"><span class='ocrx_word' id='word_1_77' title='bbox 242 2057 340 2132; x_wconf 83' lang='lat' dir='ltr'>=gua,</span> <span class='ocrx_word' id='word_1_78' title='bbox 373 2027 506 2102; x_wconf 86' lang='lat' dir='ltr'>eisdem</span> <span class='ocrx_word' id='word_1_79' title='bbox 535 2027 690 2102; x_wconf 88' lang='lat' dir='ltr'>moribus</span> <span class='ocrx_word' id='word_1_80' title='bbox 717 2041 753 2102; x_wconf 87' lang='lat' dir='ltr'>et</span> <span class='ocrx_word' id='word_1_81' title='bbox 776 2029 933 2126; x_wconf 81' lang='lat' dir='ltr'>legibus;</span> <span class='ocrx_word' id='word_1_82' title='bbox 970 2057 1059 2131; x_wconf 88' lang='lat' dir='ltr'>quae</span> <span class='ocrx_word' id='word_1_83' title='bbox 1090 2049 1212 2114; x_wconf 80' lang='lat' dir='ltr'>contra</span> 
     </span>
     <span class='ocr_line' id='line_1_13' title="bbox 240 2151 1212 2254; baseline 0 -20"><span class='ocrx_word' id='word_1_84' title='bbox 240 2157 481 2246; x_wconf 79' lang='lat' dir='ltr'>·hoclaeiunt,</span> <span class='ocrx_word' id='word_1_85' title='bbox 502 2181 587 2245; x_wconf 89' lang='lat' dir='ltr'>sua,</span> <span class='ocrx_word' id='word_1_86' title='bbox 613 2151 651 2226; x_wconf 93' lang='lat' dir='ltr'>id</span> <span class='ocrx_word' id='word_1_87' title='bbox 668 2166 722 2226; x_wconf 88' lang='lat' dir='ltr'>est</span> <span class='ocrx_word' id='word_1_88' title='bbox 735 2152 831 2226; x_wconf 90' lang='lat' dir='ltr'>nulla</span> <span class='ocrx_word' id='word_1_89' title='bbox 855 2156 1058 2230; x_wconf 87' lang='lat' dir='ltr'>auctoritate</span> <span class='ocrx_word' id='word_1_90' title='bbox 1080 2159 1212 2254; x_wconf 80' lang='lat' dir='ltr'>elevat,</span> 
     </span>
     <span class='ocr_line' id='line_1_14' title="bbox 249 2279 1215 2387; baseline 0.003 -29"><span class='ocrx_word' id='word_1_91' title='bbox 249 2288 327 2387; x_wconf 85' lang='lat' dir='ltr'>ipsa</span> <span class='ocrx_word' id='word_1_92' title='bbox 348 2283 452 2360; x_wconf 80' lang='lat' dir='ltr'>verba</span> <span class='ocrx_word' id='word_1_93' title='bbox 479 2295 661 2355; x_wconf 89' lang='lat' dir='ltr'>auctomm</span> <span class='ocrx_word' id='word_1_94' title='bbox 693 2279 708 2373; x_wconf 89' lang='lat'>(</span> <span class='ocrx_word' id='word_1_95' title='bbox 716 2292 755 2351; x_wconf 89' lang='lat' dir='ltr'>nt</span> <span class='ocrx_word' id='word_1_96' title='bbox 774 2280 950 2378; x_wconf 84' lang='lat' dir='ltr'>Caesaris)</span> <span class='ocrx_word' id='word_1_97' title='bbox 984 2282 1096 2370; x_wconf 89' lang='lat' dir='ltr'>tollit,</span> <span class='ocrx_word' id='word_1_98' title='bbox 1133 2314 1215 2364; x_wconf 87' lang='lat' dir='ltr'>mu-</span> 
     </span>
     <span class='ocr_line' id='line_1_15' title="bbox 235 2404 1215 2510; baseline -0.011 -26"><span class='ocrx_word' id='word_1_99' title='bbox 235 2425 318 2501; x_wconf 74' lang='lat' dir='ltr'>tat,</span> <span class='ocrx_word' id='word_1_100' title='bbox 353 2409 535 2499; x_wconf 87' lang='lat' dir='ltr'>decurtat,</span> <span class='ocrx_word' id='word_1_101' title='bbox 569 2420 605 2480; x_wconf 89' lang='lat' dir='ltr'>et</span> <span class='ocrx_word' id='word_1_102' title='bbox 634 2433 717 2480; x_wconf 89' lang='lat' dir='ltr'>cum</span> <span class='ocrx_word' id='word_1_103' title='bbox 745 2404 812 2476; x_wconf 85' lang='lat' dir='ltr'>hoo</span> <span class='ocrx_word' id='word_1_104' title='bbox 847 2404 914 2478; x_wconf 90' lang='lat' dir='ltr'>sibi</span> <span class='ocrx_word' id='word_1_105' title='bbox 947 2421 1048 2482; x_wconf 87' lang='lat' dir='ltr'>antea</span> <span class='ocrx_word' id='word_1_106' title='bbox 1071 2436 1215 2510; x_wconf 88' lang='lat' dir='ltr'>persua.</span> 
     </span>
     <span class='ocr_line' id='line_1_16' title="bbox 252 2515 1212 2631; baseline 0.003 -19"><span class='ocrx_word' id='word_1_107' title='bbox 252 2540 352 2612; x_wconf 85' lang='lat' dir='ltr'>sisset</span> <span class='ocrx_word' id='word_1_108' title='bbox 377 2515 574 2616; x_wconf 80' lang='lat' dir='ltr'>sermonem</span> <span class='ocrx_word' id='word_1_109' title='bbox 605 2533 854 2608; x_wconf 86' lang='lat' dir='ltr'>Germanicum</span> <span class='ocrx_word' id='word_1_110' title='bbox 885 2533 980 2631; x_wconf 90' lang='lat' dir='ltr'>apud</span> <span class='ocrx_word' id='word_1_111' title='bbox 1003 2523 1122 2612; x_wconf 88' lang='lat' dir='ltr'>omnes</span> <span class='ocrx_word' id='word_1_112' title='bbox 1149 2539 1212 2616; x_wconf 86' lang='lat' dir='ltr'>has</span> 
     </span>
     <span class='ocr_line' id='line_1_17' title="bbox 253 2657 1216 2763; baseline -0.001 -28"><span class='ocrx_word' id='word_1_113' title='bbox 253 2676 372 2763; x_wconf 86' lang='lat' dir='ltr'>gentes</span> <span class='ocrx_word' id='word_1_114' title='bbox 393 2685 477 2759; x_wconf 85' lang='lat' dir='ltr'>qnae</span> <span class='ocrx_word' id='word_1_115' title='bbox 504 2659 652 2734; x_wconf 83' lang='lat' dir='ltr'>Celticus</span> <span class='ocrx_word' id='word_1_116' title='bbox 675 2657 824 2758; x_wconf 88' lang='lat' dir='ltr'>appellat</span> <span class='ocrx_word' id='word_1_117' title='bbox 846 2657 1060 2752; x_wconf 86' lang='lat' dir='ltr'>obtinuisse,</span> <span class='ocrx_word' id='word_1_118' title='bbox 1096 2665 1126 2736; x_wconf 89' lang='lat' dir='ltr'>si</span> <span class='ocrx_word' id='word_1_119' title='bbox 1148 2685 1216 2737; x_wconf 62' lang='lat' dir='ltr'>voa-¹</span> 
     </span>
     <span class='ocr_line' id='line_1_18' title="bbox 240 2781 1216 2882; baseline -0.008 -20"><span class='ocrx_word' id='word_1_120' title='bbox 240 2787 456 2862; x_wconf 83' lang='lat' dir='ltr'>-cabuloruni</span> <span class='ocrx_word' id='word_1_121' title='bbox 472 2783 525 2856; x_wconf 83' lang='lat' dir='ltr'>vel</span> <span class='ocrx_word' id='word_1_122' title='bbox 542 2785 725 2856; x_wconf 88' lang='lat' dir='ltr'>nominum</span> <span class='ocrx_word' id='word_1_123' title='bbox 747 2781 1000 2882; x_wconf 81' lang='lat' dir='ltr'>Etymologiam</span> <span class='ocrx_word' id='word_1_124' title='bbox 1022 2811 1136 2860; x_wconf 84' lang='lat' dir='ltr'>veram</span> <span class='ocrx_word' id='word_1_125' title='bbox 1158 2789 1216 2875; x_wconf 77' lang='lat' dir='ltr'>in.</span> 
     </span>
     <span class='ocr_line' id='line_1_19' title="bbox 154 2906 1030 3012; baseline -0.003 -24"><span class='ocrx_word' id='word_1_126' title='bbox 154 2916 157 2920; x_wconf 81' lang='grc'><strong>’</strong></span> <span class='ocrx_word' id='word_1_127' title='bbox 236 2914 369 2990; x_wconf 81' lang='lat' dir='ltr'>-venire</span> <span class='ocrx_word' id='word_1_128' title='bbox 394 2937 466 2984; x_wconf 91' lang='lat' dir='ltr'>non</span> <span class='ocrx_word' id='word_1_129' title='bbox 489 2921 628 3012; x_wconf 85' lang='lat' dir='ltr'>potest,</span> <span class='ocrx_word' id='word_1_130' title='bbox 653 2906 1030 3012; x_wconf 81' lang='lat' dir='ltr'>novameffingit(1).</span> 
     </span>
    </p>
   </div>
   <div class='ocr_carea' id='block_1_7' title="bbox 249 3141 466 3161">
    <p class='ocr_par' dir='ltr' id='par_1_7' title="bbox 249 3141 466 3161">
     <span class='ocr_line' id='line_1_20' title="bbox 249 3141 466 3161; baseline 0.009 -3"><span class='ocrx_word' id='word_1_131' title='bbox 249 3141 466 3161; x_wconf 52' lang='lat' dir='ltr'>m</span> 
     </span>
    </p>
   </div>
   <div class='ocr_carea' id='block_1_8' title="bbox 234 3293 1299 4046">
    <p class='ocr_par' dir='ltr' id='par_1_8' title="bbox 234 3293 1299 4039">
     <span class='ocr_line' id='line_1_21' title="bbox 293 3293 1212 3387; baseline 0.012 -30"><span class='ocrx_word' id='word_1_132' title='bbox 293 3293 336 3372; x_wconf 81' lang='lat' dir='ltr'>(t</span> <span class='ocrx_word' id='word_1_133' title='bbox 353 3294 369 3370; x_wconf 91' lang='lat'>)</span> <span class='ocrx_word' id='word_1_134' title='bbox 390 3301 428 3359; x_wconf 88' lang='lat' dir='ltr'>Ut</span> <span class='ocrx_word' id='word_1_135' title='bbox 445 3301 493 3361; x_wconf 85' lang='lat' dir='ltr'>rei</span> <span class='ocrx_word' id='word_1_136' title='bbox 507 3297 836 3380; x_wconf 81' lang='lat' dir='ltr'>exemplum‘afferam:</span> <span class='ocrx_word' id='word_1_137' title='bbox 852 3301 1048 3384; x_wconf 63' lang='lat' dir='ltr'>Magistratus</span> <span class='ocrx_word' id='word_1_138' title='bbox 1056 3303 1110 3368; x_wconf 84' lang='lat' dir='ltr'>ssle</span> <span class='ocrx_word' id='word_1_139' title='bbox 1121 3325 1212 3387; x_wconf 84' lang='lat' dir='ltr'>quem</span> 
     </span>
     <span class='ocr_line' id='line_1_22' title="bbox 236 3407 1213 3490; baseline 0.012 -25"><span class='ocrx_word' id='word_1_140' title='bbox 236 3407 361 3467; x_wconf 84' lang='lat' dir='ltr'>.Caesar</span> <span class='ocrx_word' id='word_1_141' title='bbox 377 3409 469 3468; x_wconf 85' lang='lat' dir='ltr'>tradit</span> <span class='ocrx_word' id='word_1_142' title='bbox 482 3411 562 3490; x_wconf 86' lang='lat' dir='ltr'>apud</span> <span class='ocrx_word' id='word_1_143' title='bbox 572 3409 690 3471; x_wconf 79' lang='lat' dir='ltr'>Aeduos</span> <span class='ocrx_word' id='word_1_144' title='bbox 701 3409 818 3470; x_wconf 84' lang='lat' dir='ltr'>Judicis</span> <span class='ocrx_word' id='word_1_145' title='bbox 834 3431 945 3474; x_wconf 83' lang='lat' dir='ltr'>munus</span> <span class='ocrx_word' id='word_1_146' title='bbox 963 3415 1147 3490; x_wconf 74' lang='lat' dir='ltr'>exercuisse,</span> <span class='ocrx_word' id='word_1_147' title='bbox 1161 3435 1213 3477; x_wconf 84' lang='lat' dir='ltr'>vo·</span> 
     </span>
     <span class='ocr_line' id='line_1_23' title="bbox 234 3515 1209 3602; baseline 0.01 -26"><span class='ocrx_word' id='word_1_148' title='bbox 234 3518 377 3598; x_wconf 68' lang='lat' dir='ltr'>,eabattu</span> <span class='ocrx_word' id='word_1_149' title='bbox 402 3515 621 3600; x_wconf 69' lang='lat' dir='ltr'>Varpoltratos5</span> <span class='ocrx_word' id='word_1_150' title='bbox 638 3519 719 3580; x_wconf 89' lang='lat' dir='ltr'>unde</span> <span class='ocrx_word' id='word_1_151' title='bbox 740 3521 840 3579; x_wconf 83' lang='lat' dir='ltr'>statim</span> <span class='ocrx_word' id='word_1_152' title='bbox 855 3521 972 3602; x_wconf 76' lang='lat' dir='ltr'>colligit</span> <span class='ocrx_word' id='word_1_153' title='bbox 993 3521 1209 3586; x_wconf 87' lang='lat' dir='ltr'>Pelloutier</span> 
     </span>
     <span class='ocr_line' id='line_1_24' title="bbox 247 3607 1299 3717; baseline 0.009 -29"><span class='ocrx_word' id='word_1_154' title='bbox 247 3607 361 3690; x_wconf 85' lang='lat' dir='ltr'>¹nornen</span> <span class='ocrx_word' id='word_1_155' title='bbox 387 3629 453 3708; x_wconf 87' lang='lat' dir='ltr'>ejus</span> <span class='ocrx_word' id='word_1_156' title='bbox 471 3648 490 3690; x_wconf 88' lang='lat' dir='ltr'>a</span> <span class='ocrx_word' id='word_1_157' title='bbox 511 3628 689 3689; x_wconf 85' lang='lat' dir='ltr'>Germanico</span> <span class='ocrx_word' id='word_1_158' title='bbox 708 3612 811 3688; x_wconf 83' lang='lat' dir='ltr'>radice</span> <span class='ocrx_word' id='word_1_159' title='bbox 828 3630 950 3704; x_wconf 85' lang='lat' dir='ltr'>venire,</span> <span class='ocrx_word' id='word_1_160' title='bbox 972 3651 1108 3711; x_wconf 71' lang='lat' dir='ltr'>werpes,</span> <span class='ocrx_word' id='word_1_161' title='bbox 1129 3634 1212 3714; x_wconf 81' lang='lat' dir='ltr'>quot&#39;l</span> <span class='ocrx_word' id='word_1_162' title='bbox 1292 3703 1299 3717; x_wconf 34' lang='lat'><strong><em>¹</em></strong></span> 
     </span>
     <span class='ocr_line' id='line_1_25' title="bbox 252 3737 1212 3822; baseline 0.004 -22"><span class='ocrx_word' id='word_1_163' title='bbox 252 3739 417 3807; x_wconf 83' lang='lat' dir='ltr'>seeundum</span> <span class='ocrx_word' id='word_1_164' title='bbox 433 3758 503 3800; x_wconf 85' lang='lat' dir='ltr'>eum</span> <span class='ocrx_word' id='word_1_165' title='bbox 516 3738 666 3822; x_wconf 78' lang='lat' dir='ltr'>judicare</span> <span class='ocrx_word' id='word_1_166' title='bbox 685 3737 891 3816; x_wconf 56' lang='lat' dir='ltr'>significarem</span> <span class='ocrx_word' id='word_1_167' title='bbox 910 3749 940 3802; x_wconf 88' lang='lat' dir='ltr'>at</span> <span class='ocrx_word' id='word_1_168' title='bbox 952 3759 1013 3802; x_wconf 90' lang='lat' dir='ltr'>non</span> <span class='ocrx_word' id='word_1_169' title='bbox 1025 3742 1146 3804; x_wconf 82' lang='lat' dir='ltr'>videtur</span> <span class='ocrx_word' id='word_1_170' title='bbox 1159 3764 1212 3804; x_wconf 90' lang='lat' dir='ltr'>un·</span> 
     </span>
     <span class='ocr_line' id='line_1_26' title="bbox 234 3839 1214 3928; baseline 0.009 -21"><span class='ocrx_word' id='word_1_171' title='bbox 234 3839 347 3928; x_wconf 36' lang='lat' dir='ltr'>‚Qum</span> <span class='ocrx_word' id='word_1_172' title='bbox 366 3849 427 3910; x_wconf 86' lang='lat' dir='ltr'>tale</span> <span class='ocrx_word' id='word_1_173' title='bbox 442 3851 587 3911; x_wconf 84' lang='lat' dir='ltr'>exstitisse</span> <span class='ocrx_word' id='word_1_174' title='bbox 605 3849 748 3920; x_wconf 75' lang='lat' dir='ltr'>verbum3</span> <span class='ocrx_word' id='word_1_175' title='bbox 775 3848 807 3907; x_wconf 90' lang='lat' dir='ltr'>in</span> <span class='ocrx_word' id='word_1_176' title='bbox 824 3848 930 3928; x_wconf 76' lang='lat' dir='ltr'>lingna</span> <span class='ocrx_word' id='word_1_177' title='bbox 948 3851 1049 3912; x_wconf 86' lang='lat' dir='ltr'>Germ.</span> <span class='ocrx_word' id='word_1_178' title='bbox 1065 3852 1214 3917; x_wconf 77' lang='lat' dir='ltr'>hodierna</span> 
     </span>
     <span class='ocr_line' id='line_1_27' title="bbox 249 3957 1214 4046; baseline 0.007 -30"><span class='ocrx_word' id='word_1_179' title='bbox 249 3957 364 4018; x_wconf 81' lang='lat' dir='ltr'>dieitur</span> <span class='ocrx_word' id='word_1_180' title='bbox 379 3960 519 4032; x_wconf 87' lang='lat' dir='ltr'>judicare</span> <span class='ocrx_word' id='word_1_181' title='bbox 537 3959 676 4032; x_wconf 71' lang='lat' dir='ltr'>riallon,</span> <span class='ocrx_word' id='word_1_182' title='bbox 705 3959 737 4016; x_wconf 90' lang='lat' dir='ltr'>in</span> <span class='ocrx_word' id='word_1_183' title='bbox 755 3959 961 4046; x_wconf 79' lang='lat' dir='ltr'>antiquissimo</span> <span class='ocrx_word' id='word_1_184' title='bbox 983 3981 1058 4022; x_wconf 83' lang='lat' dir='ltr'>vero</span> <span class='ocrx_word' id='word_1_185' title='bbox 1076 3982 1214 4023; x_wconf 82' lang='lat' dir='ltr'>sermone</span> 
     </span>
    </p>
   </div>
   <div class='ocr_carea' id='block_1_9' title="bbox 252 4065 1212 4158">
    <p class='ocr_par' dir='ltr' id='par_1_9' title="bbox 252 4065 1212 4158">
     <span class='ocr_line' id='line_1_28' title="bbox 252 4065 1212 4158; baseline 0.01 -34"><span class='ocrx_word' id='word_1_186' title='bbox 252 4067 397 4149; x_wconf 76' lang='lat' dir='ltr'>sett&#39;pfen</span> <span class='ocrx_word' id='word_1_187' title='bbox 436 4069 520 4148; x_wconf 82' lang='lat' dir='ltr'>(das</span> <span class='ocrx_word' id='word_1_188' title='bbox 548 4065 666 4148; x_wconf 81' lang='lat' dir='ltr'>Reoht)</span> <span class='ocrx_word' id='word_1_189' title='bbox 696 4066 776 4130; x_wconf 87' lang='lat' dir='ltr'>unde</span> <span class='ocrx_word' id='word_1_190' title='bbox 779 4078 907 4158; x_wconf 70' lang='lat' dir='ltr'>postea</span> <span class='ocrx_word' id='word_1_191' title='bbox 937 4072 1019 4134; x_wconf 77' lang='lat' dir='ltr'>rania</span> <span class='ocrx_word' id='word_1_192' title='bbox 1036 4071 1212 4158; x_wconf 85' lang='lat' dir='ltr'>appellatio</span> 
     </span>
    </p>
   </div>
   <div class='ocr_carea' id='block_1_10' title="bbox 0 0 1562 5126">
    <p class='ocr_par' dir='ltr' id='par_1_10' title="bbox 0 0 1562 5126">
     <span class='ocr_line' id='line_1_29' title="bbox 0 0 1562 5126; baseline 0 0"><span class='ocrx_word' id='word_1_193' title='bbox 0 0 1562 5126; x_wconf 95' lang='lat' dir='ltr'> </span> 
     </span>
    </p>
   </div>
  </div>
 </body>
</html>
