3114 5126
565 565 615 588 ·-
639 525 685 604 51
711 569 761 592 ..-

101 737 104 742 ’
223 721 403 798 Heeren
436 719 529 823 (Op.
553 719 583 796 l.
610 719 656 796 T.
673 722 704 797 1.
731 748 768 822 p.
792 721 877 823 390.
896 735 931 798 et
955 724 1000 799 T.
1019 725 1068 801 ll.
1095 753 1134 828 p.

33 915 36 922 .
176 847 286 950 317.)
308 849 348 922 in
373 846 509 923 duobus
528 847 652 948 primis
667 845 837 948 capitibus
858 847 938 924 libri
963 853 1134 932 Zoroastri

175 977 374 1066 Vendidat,
395 973 575 1048 historiam
596 995 780 1069 agnoscere
803 974 916 1050 credit
937 978 1132 1078 priscarum

145 1084 359 1174 ‘Persarum
391 1099 657 1198 migrationum,
682 1096 736 1170 vel
762 1113 804 1174 ut
827 1101 936 1200 magis
973 1103 1135 1180 universe

172 1225 382 1328 loquamur,
405 1212 627 1302 Asianorum.
676 1221 825 1298 Arianae
857 1228 949 1302 euim
980 1253 1133 1322 nomen,

170 1351 220 1426 ait
243 1350 387 1442 Strabo,
416 1337 461 1422 id
491 1347 627 1450 partem
658 1351 845 1450 quamdam
866 1352 1073 1446 Persarum,
1098 1369 1135 1436 et

172 1473 379 1567 Medorum,
408 1488 445 1548 et
465 1473 791 1576 septentrionalium
812 1477 1076 1556 Bactrianorum
1094 1495 1132 1558 es

171 1603 420 1706 Sogdianorum
437 1599 592 1674 extendi.
628 1629 649 1669 >2
672 1600 762 1672 Sunt
781 1603 896 1694 enim,
921 1603 1039 1696 addit,
1058 1609 1132 1682 sero
1237 1621 1252 1656 t

58 1783 59 1788 κ
171 1741 194 1803 ir
221 1727 379 1830 ejusdem
397 1725 533 1824 linguae
557 1723 600 1818 (t
616 1723 664 1822 ).”
709 1721 926 1798 Asianorum
942 1730 1056 1828 prima
1074 1757 1133 1806 se·

171 1862 235 1931 des
265 1865 340 1930 erat
371 1852 476 1950 igitur
505 1850 544 1924 in
577 1850 800 1950 Paropamiso
827 1853 923 1949 (sec.
952 1852 1131 1932 Vendidat

170 1983 323 2060 Erieene
347 1973 523 2076 Vcedjo),
553 1972 649 2046 unde
682 2001 802 2051 versus
834 1977 923 2051 Solis
957 1979 1131 2056 Occasunt

170 2105 345 2210 progressi
363 2115 467 2192 sunt,
488 2099 650 2200 impulsi,
670 2114 711 2174 nt
725 2099 858 2175 dicitur
873 2105 911 2176 in
931 2103 1020 2179 libro
1042 2108 1137 2182 Ven-

168 2233 287 2325 didat,
308 2227 493 2328 temperiei
512 2227 721 2317 mutatione,
747 2227 811 2301 sed
835 2241 876 2301 ut
903 2231 1130 2309 verosimilius

168 2374 242 2451 est,
265 2365 442 2430 crescente
463 2357 615 2454 capitum
637 2375 807 2440 numero,
833 2377 939 2452 quem
961 2379 1035 2429 non
1055 2383 1129 2431 am·

168 2486 263 2588 plius
282 2478 390 2554 aleret
409 2473 531 2548 eadem
558 2474 664 2574 regio.
714 2473 949 2569 Referuntur,
977 2481 1128 2560 conditis

171 2602 312 2708 Soghd,
333 2597 466 2689 Ballh,
492 2597 635 2700 aliisque
655 2593 822 2686 urbibus,
840 2604 1047 2695 processisse
1071 2633 1129 2680 us·

169 2755 238 2836 que
261 2725 308 2803 ad
332 2723 550 2826 provinciam
570 2722 674 2812 Fors,
697 2720 753 2793 vel
781 2719 962 2795 Persidem
986 2732 1128 2827 propria

169 2857 312 2932 dictam.
347 2847 434 2922 Pars
451 2845 573 2948 populi
592 2846 629 2920 in
644 2843 841 2944 regionibus
859 2848 1022 2925 manebat
1042 2871 1128 2955 quas

166 2987 453 3092 peragraverunt,
477 2971 564 3048 dum
582 2972 640 3048 alii
662 2993 780 3049 versus
800 2972 1031 3052 Occidentem
1049 3005 1127 3056 curs

168 3135 246 3189 sum
269 3101 472 3181 flectebant.
647 3113 650 3122 ’

217 3227 359 3332 Aliquid
379 3225 483 3328 hujus
516 3219 713 3302 traditionis
738 3219 876 3296 videtur
898 3223 1125 3300 Herodoto

166 3349 376 3442 innotuisse,
395 3373 479 3424 uam
502 3351 607 3424 refert
628 3349 754 3422 Persas
783 3349 916 3446 origine
944 3371 987 3422 ex
1016 3374 1124 3449 parra

168 3494 327 3562 montosa
347 3473 569 3552 descendisse
595 3473 744 3574 regione.
770 3471 892 3570 (Hist.
919 3473 985 3552 lll-
1015 3469 1125 3578 122.)

178 3741 340 3762 m

205 3919 275 4007 (2)
295 3926 381 3990 coni.
401 3875 495 3989 etiam
514 3875 751 4006 mmdffib·
774 3931 886 3996 Hister.
905 3927 972 4032 Lib·
989 3925 1054 3996 Vll·
1071 3925 1121 3994 tt„

718 4089 720 4094 .
780 4069 805 4152 7
829 4075 849 4116 g
