<?xml version="1.0" encoding="UTF-8"?>
<!DOCTYPE html PUBLIC "-//W3C//DTD XHTML 1.0 Transitional//EN"
    "http://www.w3.org/TR/xhtml1/DTD/xhtml1-transitional.dtd">
<html xmlns="http://www.w3.org/1999/xhtml" xml:lang="en" lang="en">
 <head>
  <title>
</title>
<meta http-equiv="Content-Type" content="text/html;charset=utf-8" />
  <meta name='ocr-system' content='tesseract 3.04.00' />
  <meta name='ocr-capabilities' content='ocr_page ocr_carea ocr_par ocr_line ocrx_word'/>
</head>
<body>
  <div class='ocr_page' id='page_1' title='image "./specimenhistori00saingoog_0051.png"; bbox 0 0 3114 5126; ppageno 0'>
   <div class='ocr_carea' id='block_1_1' title="bbox 812 507 1008 589">
    <p class='ocr_par' dir='ltr' id='par_1_1' title="bbox 812 507 1008 589">
     <span class='ocr_line' id='line_1_1' title="bbox 812 507 1008 589; baseline -0.02 -11"><span class='ocrx_word' id='word_1_1' title='bbox 812 507 1008 589; x_wconf 64' lang='grc' dir='ltr'>...Μ-ὂ</span> 
     </span>
    </p>
   </div>
   <div class='ocr_carea' id='block_1_2' title="bbox 433 683 1527 1184">
    <p class='ocr_par' dir='ltr' id='par_1_2' title="bbox 433 683 1527 1184">
     <span class='ocr_line' id='line_1_2' title="bbox 481 683 1415 816; baseline -0.002 -32"><span class='ocrx_word' id='word_1_2' title='bbox 481 743 504 784; x_wconf 76' lang='lat' dir='ltr'><strong>n</strong></span> <span class='ocrx_word' id='word_1_3' title='bbox 530 709 620 813; x_wconf 85' lang='lat' dir='ltr'><strong>lpse&#39;</strong></span> <span class='ocrx_word' id='word_1_4' title='bbox 634 683 1003 816; x_wconf 45' lang='lat' dir='ltr'><strong>eorum&#39;opinionibus</strong></span> <span class='ocrx_word' id='word_1_5' title='bbox 1033 704 1187 796; x_wconf 84' lang='lat' dir='ltr'><strong>accedo,</strong></span> <span class='ocrx_word' id='word_1_6' title='bbox 1221 693 1415 808; x_wconf 66' lang='lat' dir='ltr'><strong>qut&#39;oera</strong></span> 
     </span>
     <span class='ocr_line' id='line_1_3' title="bbox 433 832 1414 938; baseline -0.001 -30"><span class='ocrx_word' id='word_1_7' title='bbox 433 863 456 908; x_wconf 77' lang='lat' dir='ltr'><strong>a</strong></span> <span class='ocrx_word' id='word_1_8' title='bbox 483 837 617 910; x_wconf 90' lang='lat' dir='ltr'><strong>maniae</strong></span> <span class='ocrx_word' id='word_1_9' title='bbox 638 838 788 938; x_wconf 88' lang='lat' dir='ltr'><strong>populos</strong></span> <span class='ocrx_word' id='word_1_10' title='bbox 817 835 921 910; x_wconf 93' lang='lat' dir='ltr'><strong>nullis</strong></span> <span class='ocrx_word' id='word_1_11' title='bbox 945 834 1020 908; x_wconf 86' lang='lat' dir='ltr'><strong>aliis</strong></span> <span class='ocrx_word' id='word_1_12' title='bbox 1045 832 1190 907; x_wconf 85' lang='lat' dir='ltr'><strong>aliarum</strong></span> <span class='ocrx_word' id='word_1_13' title='bbox 1214 833 1414 907; x_wconf 79' lang='lat' dir='ltr'><strong>nationum·</strong></span> 
     </span>
     <span class='ocr_line' id='line_1_4' title="bbox 434 957 1527 1062; baseline -0.002 -30"><span class='ocrx_word' id='word_1_14' title='bbox 434 971 456 1032; x_wconf 67' lang='lat' dir='ltr'><strong>a</strong></span> <span class='ocrx_word' id='word_1_15' title='bbox 484 959 667 1036; x_wconf 90' lang='lat' dir='ltr'><strong>connubiis</strong></span> <span class='ocrx_word' id='word_1_16' title='bbox 677 963 844 1054; x_wconf 82' lang='lat' dir='ltr'><strong>infectos,</strong></span> <span class='ocrx_word' id='word_1_17' title='bbox 869 961 1066 1062; x_wconf 83' lang='lat' dir='ltr'>propriam,</span> <span class='ocrx_word' id='word_1_18' title='bbox 1092 973 1128 1031; x_wconf 91' lang='lat' dir='ltr'><strong>et</strong></span> <span class='ocrx_word' id='word_1_19' title='bbox 1143 957 1336 1050; x_wconf 75' lang='lat' dir='ltr'><strong>sinceram,</strong></span> <span class='ocrx_word' id='word_1_20' title='bbox 1365 967 1411 1031; x_wconf 86' lang='lat' dir='ltr'><strong>et</strong></span> <span class='ocrx_word' id='word_1_21' title='bbox 1526 977 1527 1002; x_wconf 67' lang='lat'><strong>³</strong></span> 
     </span>
     <span class='ocr_line' id='line_1_5' title="bbox 433 1081 1508 1184; baseline -0.009 -25"><span class='ocrx_word' id='word_1_22' title='bbox 433 1115 455 1159; x_wconf 80' lang='lat' dir='ltr'><strong>u</strong></span> <span class='ocrx_word' id='word_1_23' title='bbox 483 1101 619 1161; x_wconf 89' lang='lat' dir='ltr'><strong>tantum</strong></span> <span class='ocrx_word' id='word_1_24' title='bbox 639 1088 693 1160; x_wconf 92' lang='lat' dir='ltr'><strong>sui</strong></span> <span class='ocrx_word' id='word_1_25' title='bbox 710 1083 857 1177; x_wconf 81' lang='lat' dir='ltr'><strong>similem</strong></span> <span class='ocrx_word' id='word_1_26' title='bbox 871 1099 1010 1184; x_wconf 80' lang='lat' dir='ltr'><strong>gentem</strong></span> <span class='ocrx_word' id='word_1_27' title='bbox 1028 1083 1200 1158; x_wconf 75' lang='lat' dir='ltr'><strong>exstitisse</strong></span> <span class='ocrx_word' id='word_1_28' title='bbox 1222 1081 1410 1158; x_wconf 74' lang='lat' dir='ltr'><strong>arbium-</strong></span> <span class='ocrx_word' id='word_1_29' title='bbox 1500 1126 1508 1149; x_wconf 87' lang='lat'><strong><em>.</em></strong></span> 
     </span>
    </p>
   </div>
   <div class='ocr_carea' id='block_1_3' title="bbox 434 1162 1511 2807">
    <p class='ocr_par' dir='ltr' id='par_1_3' title="bbox 434 1162 1511 2391">
     <span class='ocr_line' id='line_1_6' title="bbox 434 1162 1510 2391; baseline -0.004 -1103"><span class='ocrx_word' id='word_1_30' title='bbox 434 1243 457 1288; x_wconf 77' lang='lat' dir='ltr'><strong>a</strong></span> <span class='ocrx_word' id='word_1_31' title='bbox 483 1210 586 1286; x_wconf 85' lang='lat' dir='ltr'><strong>tur.’¹</strong></span> <span class='ocrx_word' id='word_1_32' title='bbox 619 1212 741 1327; x_wconf 81' lang='lat' dir='ltr'><strong>Germ.</strong></span> <span class='ocrx_word' id='word_1_33' title='bbox 767 1235 846 1313; x_wconf 90' lang='lat' dir='ltr'><strong>cap.</strong></span> <span class='ocrx_word' id='word_1_34' title='bbox 867 1209 906 1304; x_wconf 72' lang='grc'><strong>4.</strong></span> <span class='ocrx_word' id='word_1_35' title='bbox 1485 1162 1510 2391; x_wconf 63' lang='grc' dir='ltr'><strong><em>ί</em></strong></span> 
     </span>
     <span class='ocr_line' id='line_1_7' title="bbox 480 1331 1511 1444; baseline -0.002 -32"><span class='ocrx_word' id='word_1_36' title='bbox 480 1339 616 1436; x_wconf 86' lang='lat' dir='ltr'><strong>Lingua</strong></span> <span class='ocrx_word' id='word_1_37' title='bbox 637 1335 846 1411; x_wconf 86' lang='lat' dir='ltr'><strong>Germanica</strong></span> <span class='ocrx_word' id='word_1_38' title='bbox 865 1331 1011 1409; x_wconf 83' lang='lat' dir='ltr'><strong>alterum</strong></span> <span class='ocrx_word' id='word_1_39' title='bbox 1034 1331 1120 1407; x_wconf 86' lang='lat' dir='ltr'><strong>huic</strong></span> <span class='ocrx_word' id='word_1_40' title='bbox 1145 1333 1274 1408; x_wconf 85' lang='lat' dir='ltr'><strong>rationi</strong></span> <span class='ocrx_word' id='word_1_41' title='bbox 1298 1331 1408 1410; x_wconf 87' lang='lat' dir='ltr'><strong>addit</strong></span> <span class='ocrx_word' id='word_1_42' title='bbox 1503 1435 1511 1444; x_wconf 21' lang='grc' dir='ltr'><strong>ῃ</strong></span> 
     </span>
     <span class='ocr_line' id='line_1_8' title="bbox 434 1447 1406 1564; baseline -0.002 -28"><span class='ocrx_word' id='word_1_43' title='bbox 434 1475 699 1561; x_wconf 78' lang='lat' dir='ltr'><strong>argumentum:</strong></span> <span class='ocrx_word' id='word_1_44' title='bbox 721 1485 809 1564; x_wconf 90' lang='lat' dir='ltr'><strong>quae</strong></span> <span class='ocrx_word' id='word_1_45' title='bbox 822 1449 1030 1562; x_wconf 79' lang='lat' dir='ltr'><strong>perlongum</strong></span> <span class='ocrx_word' id='word_1_46' title='bbox 1041 1457 1254 1535; x_wconf 84' lang='lat' dir='ltr'><strong>saeculorum</strong></span> <span class='ocrx_word' id='word_1_47' title='bbox 1263 1447 1406 1554; x_wconf 78' lang='lat' dir='ltr'><strong>seriem,</strong></span> 
     </span>
    </p>

    <p class='ocr_par' dir='ltr' id='par_1_4' title="bbox 1491 2461 1507 2807">
     <span class='ocr_line' id='line_1_9' title="bbox 1491 2461 1507 2807; baseline 0 0"><span class='ocrx_word' id='word_1_48' title='bbox 1491 2461 1507 2807; x_wconf 88' lang='lat' dir='ltr'><strong>l</strong></span> 
     </span>
    </p>
   </div>
   <div class='ocr_carea' id='block_1_4' title="bbox 309 1581 1529 3566">
    <p class='ocr_par' dir='ltr' id='par_1_5' title="bbox 309 1581 1404 2690">
     <span class='ocr_line' id='line_1_10' title="bbox 431 1581 1403 1688; baseline -0.004 -26"><span class='ocrx_word' id='word_1_49' title='bbox 431 1587 543 1670; x_wconf 87' lang='lat' dir='ltr'><strong>multo</strong></span> <span class='ocrx_word' id='word_1_50' title='bbox 565 1591 681 1662; x_wconf 91' lang='lat' dir='ltr'><strong>minus</strong></span> <span class='ocrx_word' id='word_1_51' title='bbox 702 1601 834 1662; x_wconf 89' lang='lat' dir='ltr'><strong>mutata</strong></span> <span class='ocrx_word' id='word_1_52' title='bbox 852 1601 924 1679; x_wconf 87' lang='lat' dir='ltr'><strong>est,</strong></span> <span class='ocrx_word' id='word_1_53' title='bbox 949 1581 1230 1688; x_wconf 89' lang='lat' dir='ltr'><strong>quamplurium</strong></span> <span class='ocrx_word' id='word_1_54' title='bbox 1253 1584 1403 1686; x_wconf 76' lang='lat' dir='ltr'><strong>aliarum</strong></span> 
     </span>
     <span class='ocr_line' id='line_1_11' title="bbox 431 1707 1403 1812; baseline -0.004 -26"><span class='ocrx_word' id='word_1_55' title='bbox 431 1712 614 1786; x_wconf 87' lang='lat' dir='ltr'><strong>nationum</strong></span> <span class='ocrx_word' id='word_1_56' title='bbox 640 1711 801 1812; x_wconf 79' lang='lat' dir='ltr'><strong>linguae,</strong></span> <span class='ocrx_word' id='word_1_57' title='bbox 834 1723 875 1785; x_wconf 83' lang='lat' dir='ltr'><strong>et</strong></span> <span class='ocrx_word' id='word_1_58' title='bbox 895 1709 1078 1786; x_wconf 80' lang='lat' dir='ltr'><strong>Adelun</strong></span> <span class='ocrx_word' id='word_1_59' title='bbox 1087 1736 1108 1808; x_wconf 90' lang='lat' dir='ltr'><strong>g</strong></span> <span class='ocrx_word' id='word_1_60' title='bbox 1133 1707 1403 1808; x_wconf 83' lang='lat' dir='ltr'><strong>(Mithridates,</strong></span> 
     </span>
     <span class='ocr_line' id='line_1_12' title="bbox 430 1830 1401 1936; baseline -0.003 -26"><span class='ocrx_word' id='word_1_61' title='bbox 430 1835 481 1910; x_wconf 88' lang='lat'><strong>11.</strong></span> <span class='ocrx_word' id='word_1_62' title='bbox 508 1830 612 1936; x_wconf 72' lang='lat'>16⁴9.)</span> <span class='ocrx_word' id='word_1_63' title='bbox 647 1839 696 1912; x_wconf 88' lang='lat' dir='ltr'><strong>ait</strong></span> <span class='ocrx_word' id='word_1_64' title='bbox 718 1861 756 1910; x_wconf 90' lang='lat' dir='ltr'><strong>se</strong></span> <span class='ocrx_word' id='word_1_65' title='bbox 783 1862 856 1909; x_wconf 92' lang='lat' dir='ltr'><strong>non</strong></span> <span class='ocrx_word' id='word_1_66' title='bbox 876 1835 1020 1910; x_wconf 89' lang='lat' dir='ltr'><strong>alteram</strong></span> <span class='ocrx_word' id='word_1_67' title='bbox 1043 1849 1272 1934; x_wconf 81' lang='lat' dir='ltr'><strong>cognoscere,</strong></span> <span class='ocrx_word' id='word_1_68' title='bbox 1309 1858 1401 1935; x_wconf 88' lang='lat' dir='ltr'><strong>quae</strong></span> 
     </span>
     <span class='ocr_line' id='line_1_13' title="bbox 432 1939 1404 2065; baseline -0.002 -29"><span class='ocrx_word' id='word_1_69' title='bbox 432 1986 498 2063; x_wconf 87' lang='lat' dir='ltr'><strong>per</strong></span> <span class='ocrx_word' id='word_1_70' title='bbox 520 1970 590 2036; x_wconf 84' lang='lat' dir='ltr'><strong>um</strong></span> <span class='ocrx_word' id='word_1_71' title='bbox 611 1939 755 2061; x_wconf 86' lang='lat' dir='ltr'><strong>longum</strong></span> <span class='ocrx_word' id='word_1_72' title='bbox 777 1974 916 2065; x_wconf 90' lang='lat' dir='ltr'><strong>tempus</strong></span> <span class='ocrx_word' id='word_1_73' title='bbox 935 1963 1082 2036; x_wconf 89' lang='lat' dir='ltr'><strong>lormam</strong></span> <span class='ocrx_word' id='word_1_74' title='bbox 1102 1985 1200 2036; x_wconf 89' lang='lat' dir='ltr'><strong>suam</strong></span> <span class='ocrx_word' id='word_1_75' title='bbox 1214 1962 1404 2058; x_wconf 81' lang='lat' dir='ltr'><strong>genuinam</strong></span> 
     </span>
     <span class='ocr_line' id='line_1_14' title="bbox 434 2085 1403 2187; baseline -0.002 -26"><span class='ocrx_word' id='word_1_76' title='bbox 434 2099 506 2162; x_wconf 63' lang='lat' dir='ltr'><strong>mm</strong></span> <span class='ocrx_word' id='word_1_77' title='bbox 525 2085 619 2162; x_wconf 88' lang='lat' dir='ltr'><strong>bene</strong></span> <span class='ocrx_word' id='word_1_78' title='bbox 638 2088 838 2164; x_wconf 84' lang='lat' dir='ltr'><strong>servaverit.</strong></span> <span class='ocrx_word' id='word_1_79' title='bbox 871 2087 926 2162; x_wconf 84' lang='lat' dir='ltr'><strong>Ex</strong></span> <span class='ocrx_word' id='word_1_80' title='bbox 946 2087 1001 2163; x_wconf 88' lang='lat' dir='ltr'><strong>his</strong></span> <span class='ocrx_word' id='word_1_81' title='bbox 1018 2085 1179 2187; x_wconf 90' lang='lat' dir='ltr'><strong>colligere</strong></span> <span class='ocrx_word' id='word_1_82' title='bbox 1196 2111 1403 2186; x_wconf 83' lang='lat' dir='ltr'><strong>possumus,</strong></span> 
     </span>
     <span class='ocr_line' id='line_1_15' title="bbox 435 2189 1402 2317; baseline 0.002 -33"><span class='ocrx_word' id='word_1_83' title='bbox 435 2189 543 2286; x_wconf 85' lang='lat' dir='ltr'><strong>etiam</strong></span> <span class='ocrx_word' id='word_1_84' title='bbox 560 2213 682 2316; x_wconf 84' lang='lat' dir='ltr'><strong>primis</strong></span> <span class='ocrx_word' id='word_1_85' title='bbox 702 2213 920 2317; x_wconf 86' lang='lat' dir='ltr'><strong>temporibus</strong></span> <span class='ocrx_word' id='word_1_86' title='bbox 938 2238 1011 2289; x_wconf 91' lang='lat' dir='ltr'><strong>non</strong></span> <span class='ocrx_word' id='word_1_87' title='bbox 1028 2237 1192 2310; x_wconf 89' lang='lat' dir='ltr'><strong>magnum</strong></span> <span class='ocrx_word' id='word_1_88' title='bbox 1205 2211 1309 2284; x_wconf 85' lang='lat' dir='ltr'><strong>fuisse</strong></span> <span class='ocrx_word' id='word_1_89' title='bbox 1328 2209 1402 2286; x_wconf 82' lang='lat' dir='ltr'><strong>dis·</strong></span> 
     </span>
     <span class='ocr_line' id='line_1_16' title="bbox 436 2333 1403 2438; baseline 0.003 -30"><span class='ocrx_word' id='word_1_90' title='bbox 436 2333 574 2408; x_wconf 84' lang='lat' dir='ltr'><strong>crim&#39;en</strong></span> <span class='ocrx_word' id='word_1_91' title='bbox 600 2339 694 2410; x_wconf 88' lang='lat' dir='ltr'><strong>inter</strong></span> <span class='ocrx_word' id='word_1_92' title='bbox 724 2365 838 2414; x_wconf 89' lang='lat' dir='ltr'><strong>mores</strong></span> <span class='ocrx_word' id='word_1_93' title='bbox 870 2341 1122 2413; x_wconf 88' lang='lat' dir='ltr'><strong>Germanorum</strong></span> <span class='ocrx_word' id='word_1_94' title='bbox 1147 2335 1403 2438; x_wconf 87' lang='lat' dir='ltr'><strong>antiquissimo-</strong></span> 
     </span>
     <span class='ocr_line' id='line_1_17' title="bbox 438 2459 1402 2567; baseline -0.005 -31"><span class='ocrx_word' id='word_1_95' title='bbox 438 2483 542 2552; x_wconf 81' lang='lat' dir='ltr'><strong>rum&#39;,</strong></span> <span class='ocrx_word' id='word_1_96' title='bbox 567 2473 603 2536; x_wconf 93' lang='lat' dir='ltr'><strong>et</strong></span> <span class='ocrx_word' id='word_1_97' title='bbox 625 2459 763 2536; x_wconf 91' lang='lat' dir='ltr'><strong>illorum</strong></span> <span class='ocrx_word' id='word_1_98' title='bbox 782 2463 826 2536; x_wconf 91' lang='lat' dir='ltr'><strong>de</strong></span> <span class='ocrx_word' id='word_1_99' title='bbox 849 2463 976 2567; x_wconf 85' lang='lat' dir='ltr'><strong>quibus</strong></span> <span class='ocrx_word' id='word_1_100' title='bbox 992 2461 1096 2538; x_wconf 89' lang='lat' dir='ltr'><strong>nobis</strong></span> <span class='ocrx_word' id='word_1_101' title='bbox 1115 2485 1158 2536; x_wconf 85' lang='lat' dir='ltr'><strong>ex</strong></span> <span class='ocrx_word' id='word_1_102' title='bbox 1178 2462 1319 2538; x_wconf 87' lang='lat' dir='ltr'><strong>Graecis</strong></span> <span class='ocrx_word' id='word_1_103' title='bbox 1335 2464 1402 2536; x_wconf 64' lang='lat' dir='ltr'><strong>Ira-¹</strong></span> 
     </span>
     <span class='ocr_line' id='line_1_18' title="bbox 309 2579 1027 2690; baseline 0.011 -34"><span class='ocrx_word' id='word_1_104' title='bbox 309 2623 321 2656; x_wconf 90' lang='lat'><strong>.·</strong></span> <span class='ocrx_word' id='word_1_105' title='bbox 439 2579 593 2689; x_wconf 66' lang='lat' dir='ltr'><strong>tinisq&#39;ue</strong></span> <span class='ocrx_word' id='word_1_106' title='bbox 616 2587 842 2690; x_wconf 81' lang='lat' dir='ltr'><strong>scriptoribus</strong></span> <span class='ocrx_word' id='word_1_107' title='bbox 863 2590 1027 2664; x_wconf 87' lang='lat' dir='ltr'><strong>innotuit.</strong></span> 
     </span>
    </p>

    <p class='ocr_par' dir='ltr' id='par_1_6' title="bbox 437 2709 1529 3566">
     <span class='ocr_line' id='line_1_19' title="bbox 488 2709 1396 2816; baseline 0.004 -32"><span class='ocrx_word' id='word_1_108' title='bbox 488 2709 558 2784; x_wconf 90' lang='lat' dir='ltr'><strong>Sed</strong></span> <span class='ocrx_word' id='word_1_109' title='bbox 572 2713 601 2785; x_wconf 86' lang='lat' dir='ltr'><strong>si</strong></span> <span class='ocrx_word' id='word_1_110' title='bbox 613 2713 768 2788; x_wconf 77' lang='lat' dir='ltr'><strong>historici</strong></span> <span class='ocrx_word' id='word_1_111' title='bbox 785 2713 960 2816; x_wconf 89' lang='lat' dir='ltr'><strong>Europaei</strong></span> <span class='ocrx_word' id='word_1_112' title='bbox 984 2715 1075 2789; x_wconf 87' lang='lat' dir='ltr'><strong>inter</strong></span> <span class='ocrx_word' id='word_1_113' title='bbox 1097 2740 1134 2787; x_wconf 91' lang='lat' dir='ltr'><strong>se</strong></span> <span class='ocrx_word' id='word_1_114' title='bbox 1154 2713 1396 2808; x_wconf 84' lang='lat' dir='ltr'><strong>consentiunt,</strong></span> 
     </span>
     <span class='ocr_line' id='line_1_20' title="bbox 438 2835 1529 2938; baseline 0.005 -30"><span class='ocrx_word' id='word_1_115' title='bbox 438 2861 523 2910; x_wconf 88' lang='lat' dir='ltr'><strong>cum</strong></span> <span class='ocrx_word' id='word_1_116' title='bbox 544 2835 590 2910; x_wconf 89' lang='lat' dir='ltr'><strong>dc</strong></span> <span class='ocrx_word' id='word_1_117' title='bbox 616 2839 801 2914; x_wconf 88' lang='lat' dir='ltr'><strong>Germanis</strong></span> <span class='ocrx_word' id='word_1_118' title='bbox 834 2843 873 2914; x_wconf 90' lang='lat' dir='ltr'><strong>in</strong></span> <span class='ocrx_word' id='word_1_119' title='bbox 899 2839 1087 2912; x_wconf 87' lang='lat' dir='ltr'><strong>Germania</strong></span> <span class='ocrx_word' id='word_1_120' title='bbox 1114 2835 1320 2938; x_wconf 88' lang='lat' dir='ltr'><strong>degentibus</strong></span> <span class='ocrx_word' id='word_1_121' title='bbox 1346 2839 1400 2912; x_wconf 91' lang='lat' dir='ltr'><strong>lo·</strong></span> <span class='ocrx_word' id='word_1_122' title='bbox 1528 2919 1529 2924; x_wconf 6' lang='grc' dir='ltr'>χ</span> 
     </span>
     <span class='ocr_line' id='line_1_21' title="bbox 437 2961 1399 3063; baseline 0.006 -31"><span class='ocrx_word' id='word_1_123' title='bbox 437 2975 615 3062; x_wconf 73' lang='lat' dir='ltr'><strong>quruntur,</strong></span> <span class='ocrx_word' id='word_1_124' title='bbox 641 2987 683 3036; x_wconf 89' lang='lat' dir='ltr'><strong>eo</strong></span> <span class='ocrx_word' id='word_1_125' title='bbox 705 2965 813 3063; x_wconf 88' lang='lat' dir='ltr'><strong>magis</strong></span> <span class='ocrx_word' id='word_1_126' title='bbox 834 2961 1041 3037; x_wconf 89' lang='lat' dir='ltr'><strong>dissentiunt</strong></span> <span class='ocrx_word' id='word_1_127' title='bbox 1061 2990 1142 3037; x_wconf 90' lang='lat' dir='ltr'><strong>cum</strong></span> <span class='ocrx_word' id='word_1_128' title='bbox 1160 2962 1206 3035; x_wconf 80' lang='lat' dir='ltr'><strong>d&#39;e</strong></span> <span class='ocrx_word' id='word_1_129' title='bbox 1229 2963 1399 3040; x_wconf 81' lang='lat' dir='ltr'><strong>Asiaser·</strong></span> 
     </span>
     <span class='ocr_line' id='line_1_22' title="bbox 437 3078 1398 3189; baseline 0.002 -29"><span class='ocrx_word' id='word_1_130' title='bbox 437 3109 498 3160; x_wconf 88' lang='lat' dir='ltr'><strong>mo</strong></span> <span class='ocrx_word' id='word_1_131' title='bbox 520 3099 592 3179; x_wconf 88' lang='lat' dir='ltr'><strong>est,</strong></span> <span class='ocrx_word' id='word_1_132' title='bbox 627 3090 714 3188; x_wconf 87' lang='lat' dir='ltr'><strong>quin</strong></span> <span class='ocrx_word' id='word_1_133' title='bbox 743 3092 848 3161; x_wconf 87' lang='lat' dir='ltr'><strong>etiam</strong></span> <span class='ocrx_word' id='word_1_134' title='bbox 868 3091 917 3162; x_wconf 84' lang='lat' dir='ltr'><strong>ita</strong></span> <span class='ocrx_word' id='word_1_135' title='bbox 940 3089 1139 3189; x_wconf 83' lang='lat' dir='ltr'><strong>discrepant</strong></span> <span class='ocrx_word' id='word_1_136' title='bbox 1161 3078 1331 3186; x_wconf 83' lang='lat' dir='ltr'><strong>Europaei</strong></span> <span class='ocrx_word' id='word_1_137' title='bbox 1354 3087 1398 3162; x_wconf 70' lang='lat' dir='ltr'><strong>all</strong></span> 
     </span>
     <span class='ocr_line' id='line_1_23' title="bbox 438 3209 1515 3321; baseline 0.004 -39"><span class='ocrx_word' id='word_1_138' title='bbox 438 3209 675 3286; x_wconf 83' lang='lat' dir='ltr'><strong>Orientalibus</strong></span> <span class='ocrx_word' id='word_1_139' title='bbox 698 3211 923 3313; x_wconf 88' lang='lat' dir='ltr'><strong>scriptoribus</strong></span> <span class='ocrx_word' id='word_1_140' title='bbox 946 3212 1071 3286; x_wconf 87' lang='lat' dir='ltr'><strong>iisdem</strong></span> <span class='ocrx_word' id='word_1_141' title='bbox 1103 3209 1149 3284; x_wconf 89' lang='lat' dir='ltr'><strong>de</strong></span> <span class='ocrx_word' id='word_1_142' title='bbox 1176 3211 1320 3313; x_wconf 79' lang='lat' dir='ltr'><strong>populis</strong></span> <span class='ocrx_word' id='word_1_143' title='bbox 1345 3213 1397 3288; x_wconf 87' lang='lat' dir='ltr'><strong>lo·</strong></span> <span class='ocrx_word' id='word_1_144' title='bbox 1510 3274 1515 3321; x_wconf 88' lang='lat'><strong>:</strong></span> 
     </span>
     <span class='ocr_line' id='line_1_24' title="bbox 437 3330 1517 3439; baseline 0.005 -29"><span class='ocrx_word' id='word_1_145' title='bbox 437 3335 648 3436; x_wconf 68' lang='lat' dir='ltr'><strong>questibus,</strong></span> <span class='ocrx_word' id='word_1_146' title='bbox 678 3349 719 3412; x_wconf 88' lang='lat' dir='ltr'><strong>ut</strong></span> <span class='ocrx_word' id='word_1_147' title='bbox 745 3339 919 3414; x_wconf 87' lang='lat' dir='ltr'><strong>nesciatur</strong></span> <span class='ocrx_word' id='word_1_148' title='bbox 946 3340 1003 3413; x_wconf 88' lang='lat' dir='ltr'><strong>cui</strong></span> <span class='ocrx_word' id='word_1_149' title='bbox 1034 3339 1080 3412; x_wconf 92' lang='lat' dir='ltr'><strong>sit</strong></span> <span class='ocrx_word' id='word_1_150' title='bbox 1105 3336 1268 3412; x_wconf 85' lang='lat' dir='ltr'><strong>addenda</strong></span> <span class='ocrx_word' id='word_1_151' title='bbox 1289 3333 1401 3433; x_wconf 83' lang='lat' dir='ltr'><strong>fides‚&#39;</strong></span> <span class='ocrx_word' id='word_1_152' title='bbox 1510 3330 1517 3439; x_wconf 65' lang='grc' dir='ltr'><strong>’ξ</strong></span> 
     </span>
     <span class='ocr_line' id='line_1_25' title="bbox 438 3463 1516 3566; baseline 0.006 -32"><span class='ocrx_word' id='word_1_153' title='bbox 438 3463 514 3535; x_wconf 91' lang='lat' dir='ltr'><strong>imo</strong></span> <span class='ocrx_word' id='word_1_154' title='bbox 528 3478 564 3538; x_wconf 89' lang='lat' dir='ltr'><strong>et</strong></span> <span class='ocrx_word' id='word_1_155' title='bbox 587 3463 703 3566; x_wconf 89' lang='lat' dir='ltr'><strong>primo</strong></span> <span class='ocrx_word' id='word_1_156' title='bbox 721 3465 849 3538; x_wconf 89' lang='lat' dir='ltr'><strong>intuitu</strong></span> <span class='ocrx_word' id='word_1_157' title='bbox 870 3490 994 3566; x_wconf 84' lang='lat' dir='ltr'><strong>pamm</strong></span> <span class='ocrx_word' id='word_1_158' title='bbox 1014 3463 1112 3538; x_wconf 87' lang='lat' dir='ltr'><strong>abest</strong></span> <span class='ocrx_word' id='word_1_159' title='bbox 1128 3463 1215 3562; x_wconf 89' lang='lat' dir='ltr'><strong>quin</strong></span> <span class='ocrx_word' id='word_1_160' title='bbox 1232 3490 1314 3540; x_wconf 90' lang='lat' dir='ltr'><strong>cum</strong></span> <span class='ocrx_word' id='word_1_161' title='bbox 1331 3467 1393 3540; x_wconf 71' lang='lat' dir='ltr'><strong>lli·-</strong></span> <span class='ocrx_word' id='word_1_162' title='bbox 1511 3476 1516 3501; x_wconf 89' lang='grc'><strong>’</strong></span> 
     </span>
    </p>
   </div>
   <div class='ocr_carea' id='block_1_5' title="bbox 361 3560 1518 3709">
    <p class='ocr_par' dir='ltr' id='par_1_7' title="bbox 361 3560 1518 3709">
     <span class='ocr_line' id='line_1_26' title="bbox 361 3560 1518 3709; baseline 0.003 -47"><span class='ocrx_word' id='word_1_163' title='bbox 361 3603 364 3613; x_wconf 87' lang='grc'><strong>“</strong></span> <span class='ocrx_word' id='word_1_164' title='bbox 438 3586 985 3702; x_wconf 83' lang='lat' dir='ltr'><strong>elrardsoniaoiamus(1)‚</strong></span> <span class='ocrx_word' id='word_1_165' title='bbox 1021 3585 1393 3672; x_wconf 84' lang='lat' dir='ltr'><strong>cumdicateamdern</strong></span> <span class='ocrx_word' id='word_1_166' title='bbox 1511 3560 1518 3709; x_wconf 61' lang='grc' dir='ltr'>ἔ</span> 
     </span>
    </p>
   </div>
   <div class='ocr_carea' id='block_1_6' title="bbox 439 3889 1391 4108">
    <p class='ocr_par' dir='ltr' id='par_1_8' title="bbox 439 3889 1391 4108">
     <span class='ocr_line' id='line_1_27' title="bbox 479 3889 1391 3996; baseline -0.01 -21"><span class='ocrx_word' id='word_1_167' title='bbox 479 3915 548 3996; x_wconf 88' lang='grc'><strong>(1)</strong></span> <span class='ocrx_word' id='word_1_168' title='bbox 574 3909 770 3976; x_wconf 85' lang='lat' dir='ltr'><strong>Dissertation</strong></span> <span class='ocrx_word' id='word_1_169' title='bbox 792 3930 830 3972; x_wconf 92' lang='lat' dir='ltr'><strong>ou</strong></span> <span class='ocrx_word' id='word_1_170' title='bbox 854 3910 908 3970; x_wconf 83' lang='lat' dir='ltr'><strong>the</strong></span> <span class='ocrx_word' id='word_1_171' title='bbox 930 3889 1112 3988; x_wconf 78' lang='lat' dir='ltr'><strong>languages,</strong></span> <span class='ocrx_word' id='word_1_172' title='bbox 1143 3909 1311 3970; x_wconf 81' lang='lat' dir='ltr'><strong>litterature</strong></span> <span class='ocrx_word' id='word_1_173' title='bbox 1337 3906 1391 3977; x_wconf 83' lang='lat' dir='ltr'><strong>and</strong></span> 
     </span>
     <span class='ocr_line' id='line_1_28' title="bbox 439 4015 1366 4108; baseline -0.012 -21"><span class='ocrx_word' id='word_1_174' title='bbox 439 4039 580 4087; x_wconf 74' lang='lat' dir='ltr'><strong>manners</strong></span> <span class='ocrx_word' id='word_1_175' title='bbox 594 4019 631 4083; x_wconf 81' lang='lat' dir='ltr'><strong>oi</strong></span> <span class='ocrx_word' id='word_1_176' title='bbox 643 4019 694 4080; x_wconf 83' lang='lat' dir='ltr'><strong>tho</strong></span> <span class='ocrx_word' id='word_1_177' title='bbox 712 4017 836 4080; x_wconf 81' lang='lat' dir='ltr'><strong>Eastern</strong></span> <span class='ocrx_word' id='word_1_178' title='bbox 849 4018 991 4089; x_wconf 77' lang='lat' dir='ltr'><strong>litatione,</strong></span> <span class='ocrx_word' id='word_1_179' title='bbox 1012 4016 1053 4096; x_wconf 78' lang='lat' dir='ltr'><strong>by</strong></span> <span class='ocrx_word' id='word_1_180' title='bbox 1070 4017 1101 4092; x_wconf 65' lang='lat' dir='ltr'><strong>J.</strong></span> <span class='ocrx_word' id='word_1_181' title='bbox 1121 4015 1366 4108; x_wconf 67' lang='lat' dir='ltr'><strong>Richardson.</strong></span> 
     </span>
    </p>
   </div>
   <div class='ocr_carea' id='block_1_7' title="bbox 0 0 1578 5126">
    <p class='ocr_par' dir='ltr' id='par_1_9' title="bbox 0 0 1578 5126">
     <span class='ocr_line' id='line_1_29' title="bbox 0 0 1578 5126; baseline 0 0"><span class='ocrx_word' id='word_1_182' title='bbox 0 0 1578 5126; x_wconf 95' lang='lat' dir='ltr'><strong> </strong></span> 
     </span>
    </p>
   </div>
  </div>
 </body>
</html>
