3114 5126
678 515 848 592 *5-

281 727 475 792 monstrare
498 711 564 787 hoc
593 718 647 816 jus
668 713 818 788 multum
845 699 1031 787 conlulisse
1056 715 1101 790 ad
1125 715 1246 790 lromi⁴⁴

282 865 347 922 nes
369 839 530 912 cultiores
550 839 759 913 reddendos.
803 840 922 929 ,Quam
945 863 1060 916 meam
1081 839 1241 920 ultimam

283 963 491 1038 sententiam
523 963 724 1063 improbant
754 961 896 1060 plur-imi
917 963 1098 1059 scriptores
1123 991 1243 1042 recen·

284 1086 408 1175 tiores,
435 1089 622 1188 praecipue
642 1088 780 1178 Gallici,
811 1085 870 1185 qui
897 1088 954 1186 Jus
976 1083 1111 1156 seudale
1127 1113 1249 1188 repre,

283 1210 445 1290 hendunt
468 1213 567 1313 quasi
589 1214 764 1302 animum,
798 1210 1018 1298 libertatem,
1043 1211 1247 1308 seientiam,

64 1327 67 1334 ’
191 1381 193 1386 ν
283 1335 393 1414 veluti
423 1335 569 1408 vinculis
598 1337 718 1408 ferreis
749 1333 1012 1424 obstrinxisset,
1048 1338 1247 1444 molemque

285 1462 462 1560 ingentem
485 1456 700 1560 opposuisset
719 1455 881 1530 omnibus
905 1457 1130 1533 humanitatis
1162 1488 1247 1562 pro,

287 1581 461 1684 gressibus
478 1580 603 1683 quibus
624 1577 798 1663 nobilitari
818 1598 876 1664 aut
896 1581 1057 1666 meliores
1071 1585 1147 1665 steri
1166 1597 1255 1686 pos-'

285 1720 366 1795 sent
386 1705 560 1790 homines.

335 1827 402 1902 Sed
426 1829 464 1902 in
483 1831 686 1908 memoriam
708 1855 910 1910 revocemus
934 1827 1172 1910 conditionem
1193 1861 1249 1912 soa

286 1952 443 2042 pietatis,
477 1964 633 2052 tempore
662 1977 802 2034 occasus
827 1956 970 2054 Imperii
994 1955 1163 2047 Romani,
1187 1987 1250 2034 ans

286 2089 427 2181 tequam
454 2082 509 2176 ius
539 2075 676 2150 feudale
703 2080 907 2176 generaliter
938 2094 1118 2188 receptum
1143 2061 1256 2172 essct,

287 2202 417 2302 Ingens
441 2200 530 2282 illud
553 2204 765 2306 Imperium,
791 2202 887 2304 quod
906 2214 1015 2274 totam
1041 2203 1113 2276 sere
1134 2207 1250 2288 Euro·

286 2354 393 2439 pam,
416 2341 453 2400 et
469 2340 604 2428 partem
623 2327 723 2401 Asiae
743 2341 778 2402 et
798 2327 934 2410 Africae
953 2327 1251 2430 complectebatur

286 2481 357 2530 non
380 2451 528 2554 amplius
555 2479 678 2535 omnes
697 2448 813 2554 partes
833 2477 920 2556 quae
944 2451 1012 2526 hoc
1037 2453 1250 2530 immensum

287 2579 447 2676 Regnum
464 2567 902 2682 efficiebant,'conjunctas
927 2577 1079 2660 retinere
1102 2593 1251 2678 poterat.

287 2701 523 2800 Imperatores
548 2701 608 2801 qui
641 2702 761 2774 sedem
795 2701 1119 2799 Constantinopolin
1140 2717 1251 2776 trans
1287 2743 1291 2750 ·

286 2827 458 2916 tulerant,
496 2825 607 2924 Regni
638 2823 792 2902 habenas
822 2823 861 2894 in
892 2820 1065 2903 debilibus
1089 2831 1251 2916 manibus

287 2979 362 3042 pon
393 2949 543 3051 amplius
574 2949 724 3022 retinere
754 2945 927 3032 valebant.
974 2951 1252 3043 Innumerabiles

285 3091 374 3165 tunc
397 3071 560 3150 extabant
585 3074 695 3174 leges,
719 3071 846 3174 quibus
873 3067 1114 3174 obtemperare
1135 3079 1255 3182 Impea

287 3217 418 3278 ratores
444 3199 600 3288 subditos
624 3225 702 3280 suos
733 3220 855 3295 cogere
884 3219 956 3268 non
988 3214 1176 3300 poterant}
1208 3233 1254 3290 ex
1364 3287 1374 3305 Α

94 3321 99 3332 “
160 3368 166 3377 ·
261 3388 265 3396 .
290 3323 451 3406 omnibus
471 3311 628 3424 partibus
653 3319 796 3425 patebat
818 3309 1010 3422 Imperium
1024 3320 1253 3414 barbarorum

287 3444 563 3544 incursionibus,
596 3451 712 3528 omnia
731 3447 935 3525 labefactata
959 3443 1060 3518 erant
1080 3452 1253 3528 societatis

287 3573 457 3665 instituta.
505 3573 669 3648 Extincto
700 3584 774 3644 erat
801 3569 963 3664 libertas,
988 3571 1178 3669 scientiae,
1205 3574 1255 3658 le-

291 3728 368 3814 ges,
393 3699 671 3802 despicebantur.
765 3710 793 3784 f
1296 3679 1300 3686 ¹

225 3841 232 3848 '
355 3827 450 3900 Talis
483 3838 558 3897 erat
598 3822 770 3895 societatis
811 3833 920 3895 status
958 3846 1039 3896 cum
1075 3825 1256 3911 introduc·

285 3965 365 4046 tum
387 3952 454 4040 fuit
476 3952 541 4034 Ius
567 3948 704 4034 seudale
736 3950 772 4024 in
797 3962 959 4055 ueterum.
984 3947 1106 4034 orbem
1129 3953 1256 4038 Roma·
1328 4019 1331 4028 ,
