3114 5126
768 459 1026 536 ---3ῖι---Ἴ

1548 568 1554 670 l

392 659 514 758 (Gau)
527 656 631 730 etiam
644 656 774 756 judices
786 673 884 732 erant
901 659 1072 734 naturales
1096 662 1112 758 (
1128 667 1179 760 r).
1213 665 1353 756 Quam·¹

391 789 446 864 ris
460 786 580 886 quovis
595 809 686 856 anno
707 785 855 858 civitatis
876 786 947 884 agri
967 785 1129 860 dominos
1148 803 1358 878 mutarent,

393 937 514 986 eorum
531 917 639 1010 major
659 935 740 1008 pars
760 907 935 982 nobilibus
952 909 1215 1008 adsignubstur‚
1240 930 1281 988 ut
1293 942 1356 988 co·

392 1042 520 1112 mitum
553 1033 811 1109 necessitatibus
841 1032 1082 1108 subveniretur
1110 1040 1191 1138 (a)
1252 1043 1353 1120 Haeo

332 1210 337 1218 ·
392 1163 500 1238 multa
526 1175 608 1236 sunt
632 1162 726 1258 signa
756 1173 863 1233 status
889 1161 1053 1252 feudalis,
1087 1162 1185 1238 deest
1214 1181 1353 1246 tantum

393 1290 603 1364 constantior
623 1301 659 1358 et
676 1285 871 1358 diuturnior
893 1284 955 1358 soli
973 1291 1175 1386 occupatio;
1194 1307 1229 1365 at
1243 1297 1351 1371 etiam

392 1418 431 1488 in
450 1415 518 1488 hoo
530 1411 691 1510 singulari
710 1409 911 1510 possidendi
930 1411 1055 1502 modo,
1082 1418 1142 1514 qui
1154 1419 1247 1518 apud
1260 1421 1350 1496 Ger.

391 1565 513 1616 manos
536 1537 692 1625 valebat,
718 1534 787 1608 dua
808 1560 991 1636 possumus
1016 1536 1227 1638 distinguere
1249 1553 1351 1646 jum

393 1668 533 1740 colonus
548 1663 681 1737 scilieet
702 1663 762 1759 qui
775 1683 872 1758 agros
885 1660 1040 1752 colebat,
1066 1663 1116 1738 ibi
1136 1685 1352 1768 perpetuum

392 1793 542 1866 habebat
557 1786 791 1876 domicilium,
818 1799 853 1881 et
867 1783 1021 1858 dominio
1041 1787 1117 1862 utili
1137 1793 1239 1868 fundi
1258 1799 1352 1872 frue.

393 1919 516 2008 batur,
548 1917 632 1990 dum
662 1913 856 1986 dominium
886 1936 1088 2011 supremum
1115 1943 1223 2016 penes
1248 1923 1351 1998 Sum·

391 2047 742 2150 mumllmperantem
757 2035 942 2124 manebat,
967 2040 1027 2138 qui
1049 2045 1169 2138 quovis
1186 2050 1276 2120 anno
1292 2056 1350 2147 jus

390 2197 492 2246 suum
510 2165 711 2256 exercebat,
737 2167 775 2238 in
796 2165 896 2236 terris
916 2165 1007 2235 inter
1031 2165 1124 2239 cives
1144 2175 1349 2268 partiendis,

441 2293 661 2368 Sullivan
687 2293 745 2382 (in
761 2291 829 2390 Op.
851 2287 876 2365 l.
902 2313 937 2386 p.
956 2289 1040 2387 32.)
1064 2293 1113 2363 sio
1133 2300 1350 2376 constitutio.

391 2447 474 2496 nem
494 2419 689 2490 Germanae
707 2415 851 2490 civitatis
872 2429 1021 2486 enarrat.
1057 2416 1214 2491 Primum
1234 2421 1351 2500 locum

391 2543 570 2627 obtinebat
590 2541 682 2624 Rex,
721 2537 962 2636 quamplures
988 2539 1215 2630 attendebant
1243 2552 1351 2626 comi.

360 2681 465 2760 teo,
493 2667 553 2771 qui
587 2662 639 2738 illi
670 2663 894 2744 sanctissimis
927 2665 1102 2741 fidelitatis
1142 2670 1348 2744 sacramenti

391 2793 537 2868 vinculis
567 2786 879 2886 adstringebantur.
928 2790 1087 2897 Secundo
1100 2849 1102 2856 ,
1117 2805 1198 2864 sunt
1227 2791 1348 2866 ordine

394 2996 600 3014 ψ

398 3149 403 3159 ·
431 3118 450 3195 (
460 3118 507 3196 t)
536 3111 569 3170 ln
591 3126 667 3187 paee
689 3105 791 3166 nullus
814 3109 977 3170 sommunis
995 3118 1041 3170 est
1060 3108 1268 3186 magistratus,
1293 3111 1346 3174 ssd

390 3223 545 3305 principes
564 3217 722 3296 regionum
746 3226 838 3294 atque
857 3236 1022 3297 pagorum,
1052 3221 1128 3278 inter
1146 3237 1215 3278 suos
1231 3220 1285 3290 jus
1302 3219 1348 3280 di·

389 3345 471 3398 ount.
511 3333 666 3402 Caesar,
684 3324 769 3406 deb.
781 3327 817 3386 G.
838 3325 870 3384 L.
884 3328 934 3386 vt.
954 3347 1020 3408 cap.
1032 3329 1078 3388 23.

430 3449 507 3520 (2)
536 3443 603 3502 Mos
619 3445 664 3499 est
681 3436 854 3504 civitatibus
883 3437 969 3496 ultro
994 3457 1031 3496 ue
1066 3439 1185 3495 viritim
1213 3435 1347 3500 conferre

390 3553 603 3632 principibus,
633 3547 684 3610 vel
711 3557 918 3612 armentorum
945 3547 996 3606 vel
1018 3547 1160 3624 frugum,
1192 3545 1274 3625 quod
1293 3568 1347 3626 pro

392 3659 507 3718 honoro
528 3667 684 3736 aeosptum
710 3659 801 3718 etism
822 3657 1048 3717 necessitatibus
1069 3654 1218 3715 subvenit.
1250 3653 1345 3722 Germ.

392 3789 459 3846 (up.
481 3765 525 3829 15.
545 3799 587 3812 -
606 3768 677 3845 Agri
694 3785 751 3846 pro
761 3785 886 3826 numero
901 3765 1050 3835 cultorum
1068 3765 1106 3825 ab
1126 3767 1271 3826 universis
1289 3783 1345 3842 per

389 3878 471 3936 vises
488 3886 686 3956 occupantur,
709 3897 786 3956 quos
806 3895 874 3944 mox
899 3877 977 3944 inter
997 3895 1029 3942 ss
1052 3877 1216 3948 secuudum
1234 3873 1346 3962 dique-5
1386 3877 1390 3886 '

389 3988 501 4048 tionem
518 3987 707 4070 partiuntur.
734 4005 800 4069 cap.
814 3984 863 4060 26.Ι
