3114 5126
572 502 769 584 235..ss

182 702 373 806 vPrincipes
394 721 560 804 pagorum
592 707 653 805 qui
679 720 716 778 et
747 705 796 779 ibi
820 711 873 804 jus
907 705 1089 798 dicebant,
1114 721 1150 780 et

192 831 330 903 servitia
351 830 434 924 Regi
451 829 667 928 praestabant
685 843 842 930 tempore
865 830 970 918 betti,
995 832 1056 903 sed
1074 855 1147 902 non

192 954 225 1026 ei
252 968 320 1026 tam
344 967 437 1026 arcte
457 979 560 1054 quam
583 955 726 1028 comites
745 958 867 1052 juncti.
917 957 1057 1030 Tertius
1074 982 1149 1054 gra·

153 1165 154 1170 ἵ
189 1073 255 1148 dus
277 1088 329 1148 est
352 1075 534 1150 hominurn
555 1078 743 1150 liberorum
760 1080 820 1176 qui
840 1105 946 1180 pagos
967 1079 1146 1172 incolunt.;
1205 1169 1208 1176 ¹

190 1216 226 1276 et
249 1203 398 1306 denique
419 1204 559 1277 iniimus
581 1203 667 1276 ordo
684 1215 737 1275 est
753 1225 952 1292 servorum,
978 1206 1038 1304 qui
1061 1207 1171 1302 agri,

188 1329 341 1403 culturae
371 1328 534 1421 student,
570 1355 719 1429 quorum
742 1342 859 1401 tamen
886 1327 997 1401 multo
1024 1331 1148 1403 melior

186 1469 262 1528 erat
277 1453 433 1530 conditio
447 1481 551 1556 quam
568 1453 752 1529 servorum
762 1451 857 1554 apud
875 1454 1047 1527 Romanos
1065 1457 1144 1553 (1).

234 1579 347 1654 Addit
370 1595 493 1656 auctor
522 1595 558 1654 et
581 1582 693 1678 Reges
716 1594 751 1652 ct
774 1606 940 1679 pagorum
968 1579 1145 1680 principes

184 1707 356 1810 apopulo
377 1706 503 1781 electos
529 1730 620 1794 esse,
646 1705 708 1778 sed
728 1705 795 1777 hoc
812 1707 927 1777 minus
950 1718 1044 1778 recte
1067 1704 1145 1778 dio·

184 1849 262 1909 tum
273 1832 428 1924 videtur,
441 1846 476 1904 et
489 1830 586 1932 plura
598 1829 749 1932 probant
767 1830 922 1904 Taciti
947 1829 1039 1926 loca,
1055 1831 1146 1906 Ger·

176 1950 306 2033 ‘manos
336 1958 441 2032 etiam
463 1957 670 2032 hereditaria
691 1957 892 2054 cognovisse
922 1957 1017 2060 jura3
1047 1957 1144 2034 error

182 2076 268 2157 inde
294 2082 394 2175 fluit,
429 2083 525 2184 quod
557 2083 763 2158 Sullivan
788 2081 1045 2159 distinctionem
1070 2111 1144 2160 non

181 2210 265 2284 iacit
282 2235 385 2311 quam
402 2207 456 2283 Gl.
481 2209 594 2282 Guiz
605 2221 653 2282 ot
675 2206 834 2310 probavit
853 2207 1049 2286 faciendam
1068 2238 1143 2286 esse
1164 2255 1165 2258 π

182 2335 274 2408 inter
293 2347 431 2433 gentem
448 2360 536 2438 quae
553 2321 648 2407 domi
664 2333 839 2425 manebat,
865 2360 1036 2436 quamque
1047 2340 1143 2440 prin·

181 2463 277 2561 cipes
287 2458 484 2532 hereditarii
503 2458 688 2557 regebant,
714 2472 750 2532 et
768 2473 938 2538 catervam
956 2449 1142 2540 militiarum

88 2587 90 2592 ’
183 2581 364 2688 quaesibi
389 2581 515 2654 ducem
535 2582 706 2678 eligebat,
731 2599 766 2658 et
787 2588 869 2659 soris
891 2587 1034 2685 vagabat
1065 2592 1146 2668 bet-

180 2710 255 2784 ium
274 2734 397 2809 gerens
417 2718 452 2779 et
469 2706 643 2780 fortunam
658 2721 817 2803 tentans;
844 2737 932 2810 quae
949 2714 1051 2788 ambo
1070 2715 1141 2802 ele-

179 2849 300 2914 menta
323 2836 611 2909 Germanicarum
628 2833 807 2930 gentium,
839 2834 950 2936 probe
970 2853 1052 2916 sunt
1072 2841 1140 2916 dis.

179 2960 392 3064 tinguendo,
425 2974 465 3034 ut
491 2959 730 3060 intelligantur
757 2955 844 3062 quae
878 2965 922 3038 de
955 2968 1006 3040 eis
1034 2969 1136 3048 nobis

179 3104 313 3164 veteres
334 3085 555 3162 tradiderunt
573 3088 770 3188 scriptores.
819 3087 918 3164 cons.
943 3094 1135 3194 Guizot,

178 3213 248 3313 Op.
265 3213 290 3286 l.
313 3213 390 3288 Vol.
410 3216 442 3288 Ι.
467 3241 503 3314 p.
526 3215 610 3290 232.

228 3338 397 3410 Germani
419 3365 495 3412 suas
517 3337 784 3416 introduxerunt
813 3346 1079 3422 consuetudines
1096 3350 1135 3426 in

164 3466 372 3572 universam
394 3461 465 3534 scre
491 3462 684 3562 Europam,
707 3491 810 3563 quam
829 3467 896 3540 sibi
920 3472 1031 3544 variae
1049 3475 1137 3552 Ger·

42 3646 45 3652 .
78 3674 81 3682 ,
176 3590 335 3668 manicae
363 3601 482 3688 gentes
506 3585 747 3689 subjecerunt,
784 3605 818 3665 et
841 3621 909 3698 quo
939 3596 1072 3676 firmior
1098 3617 1134 3682 et

192 3809 402 3830 *un—n.-

217 3940 293 4028 (t)
309 3931 549 4029 rugierunt,
569 3951 607 4014 de
627 3951 711 4016 Statu
729 3951 908 4030 Servorum,
929 3953 961 4018 L.
976 3957 1011 4022 11.
1029 3982 1056 4026 c.
1072 3970 1100 4032 t.

887 4103 910 4174 5
934 4103 952 4140 Ι
